@misc{RI,
  title={Rapport Interne: documents co-r{\'e}dig{\'e}s par l'{\'e}quipe Poppy {\'E}duaction, permanent: Pierre-Yves Oudeyer, Didier Roy, Pierre Rouanet, Matthieu Lapeyre, Nicolas Rabault, Thibault Desprez, Th{\'e}o Segonds, St{\'e}phanie Noirpoudre, Damien Caselli; stagiaire: Marie Demangeat, Amandine Spriet, Kelian Schindowsky, Aur{\'e}lie Lopes, Octave Delorme, Tallulah Gilliard. Inria-BSO},
  author={RI},
  year={2014-19}
}
%Permanent: Oudeyer, Pierre Yves and Roy, Didier and Rouanet, Pierre and Lapeyre, Matthieu and Rabault, Nicolas and Desprez, Thibault and Segonds, Théo and Noirpoudre, Stéphanie and Caselli, Damien and stagiaire: Demangeat, Marie and Spriet, Amandine and Schindowsky, Kelian and Lopes, Aurélie and Delorme, Octave and Gilliard, Tallulah.     

%%%%%%  citation  ////////////////
% papert 
@book{papert1980mindstorms,
  title={Mindstorms: Children, computers, and powerful ideas},
  author={Papert, Seymour},
  year={1980},
  publisher={Basic Books, Inc.}
}
%open source
@misc{ubeda2016logiciels,
  title={Logiciels et objets libres},
  author={Ub{\'e}da, St{\'e}phane and Ribas, St{\'e}phane and Guillaud, Patrick},
  year={2016}
}
%kropotkine
@article{kropotkine1904entraide,
  title={L’entraide, un facteur de l’{\'e}volution, trad. fr},
  author={Kropotkine, Pierre},
  journal={Paris, Hachette},
  year={1904}
}
%%%%%%  sc cog  ////////////////
%condi op{\'e}rante
@article{thorndike1898animal,
  title={Animal intelligence: An experimental study of the associative processes in animals.},
  author={Thorndike, Edward L},
  journal={The Psychological Review: Monograph Supplements},
  volume={2},
  number={4},
  pages={i},
  year={1898},
  publisher={The Macmillan Company}
}
%skinner
@article{skinner1963operant,
  title={Operant behavior.},
  author={Skinner, Burrhus F},
  journal={American psychologist},
  volume={18},
  number={8},
  pages={503},
  year={1963},
  publisher={American Psychological Association}
}
% cognitive load
@article{sweller1988cognitive,
  title={Cognitive load during problem solving: Effects on learning},
  author={Sweller, John},
  journal={Cognitive science},
  volume={12},
  number={2},
  pages={257--285},
  year={1988},
  publisher={Elsevier}
}
@article{cooper1990cognitive,
  title={Cognitive load theory as an aid for instructional design},
  author={Cooper, Graham},
  journal={Australasian Journal of Educational Technology},
  volume={6},
  number={2},
  year={1990}
}

%miller 7+-2
@article{miller1956magical,
  title={The magical number seven, plus or minus two: Some limits on our capacity for processing information.},
  author={Miller, George A},
  journal={Psychological review},
  volume={63},
  number={2},
  pages={81},
  year={1956},
  publisher={American Psychological Association}
}
%7heuristique de nielsen
@inproceedings{nielsen1994usability,
  title={Usability inspection methods},
  author={Nielsen, Jakob},
  booktitle={Conference companion on Human factors in computing systems},
  pages={413--414},
  year={1994},
  organization={ACM}
}
%critere bastien et scapin
@article{scapin1997ergonomic,
  title={Ergonomic criteria for evaluating the ergonomic quality of interactive systems},
  author={Scapin, Dominique L and Bastien, JM Christian},
  journal={Behaviour \& information technology},
  volume={16},
  number={4-5},
  pages={220--231},
  year={1997},
  publisher={Taylor \& Francis}
}
%ergonomie 
@book{nogier2002ergonomie,
  title={De l'ergonomie du logiciel au design des sites Web},
  author={Nogier, Jean-Fran{\c{c}}ois},
  year={2002},
  publisher={Dunod Paris}
}
%performence
@book{gibert1980controle,
  title={Le contr{\^o}le de gestion dans les organisations publiques},
  author={Gibert, Patrick},
  year={1980},
  publisher={Editions d'organisation}
}
%TAM
@article{davis1989user,
  title={User acceptance of computer technology: a comparison of two theoretical models},
  author={Davis, Fred D and Bagozzi, Richard P and Warshaw, Paul R},
  journal={Management science},
  volume={35},
  number={8},
  pages={982--1003},
  year={1989},
  publisher={INFORMS}
}
@article{lee2003technology,
  title={The technology acceptance model: Past, present, and future},
  author={Lee, Younghwa and Kozar, Kenneth A and Larsen, Kai RT},
  journal={Communications of the Association for information systems},
  volume={12},
  number={1},
  pages={50},
  year={2003}
}
%UTAM
@article{venkatesh2012consumer,
  title={Consumer acceptance and use of information technology: extending the unified theory of acceptance and use of technology},
  author={Venkatesh, Viswanath and Thong, James YL and Xu, Xin},
  journal={MIS quarterly},
  volume={36},
  number={1},
  pages={157--178},
  year={2012}
}

%affordance
@book{norman1988psychology,
  title={The psychology of everyday things.},
  author={Norman, Donald A},
  year={1988},
  publisher={Basic books}
}
@article{norman2013design,
  title={Design of everyday things: Revised and expanded},
  author={Norman, Donald A},
  journal={Hachette, New York},
  year={2013}
}
@article{greeno1994gibson,
  title={Gibson's affordances.},
  author={Greeno, James G},
  year={1994},
  journal={American Psychological Association}
}
@article{gibson1977theory,
  title={The theory of affordances},
  author={Gibson, James J},
  journal={Hilldale, USA},
  volume={1},
  number={2},
  year={1977}
}
@misc{gibson1979theory,
  title={The theory of affordances. The ecological approach to visual perception},
  author={Gibson, James J},
  year={1979},
  publisher={Houghton Mifflin, Boston, MA}
}
@inproceedings{gaver1991technology,
  title={Technology affordances},
  author={Gaver, William W},
  booktitle={Proceedings of the SIGCHI conference on Human factors in computing systems},
  pages={79--84},
  year={1991},
  organization={Acm}
}
%tricot
@inproceedings{tricot:edutice-00000154,
  TITLE = {{Utilit{\'e}, utilisabilit{\'e}, acceptabilit{\'e} : interpr{\'e}ter les relations entre trois dimensions de l'{\'e}valuation des EIAH}},
  AUTHOR = {Tricot, Andr{\'e} and Pl{\'e}gat-Soutjis, Fabienne and Camps, Jean-Fran{\c c}ois and Amiel, Alban and Lutz, Gladys and Morcillo, Agn{\`e}s},
  URL = {https://edutice.archives-ouvertes.fr/edutice-00000154},
  BOOKTITLE = {{Environnements Informatiques pour l'Apprentissage Humain 2003}},
  ADDRESS = {Strasbourg, France},
  EDITOR = {Desmoulins and C. and Marquet and P. and Bouhineau and D.},
  PUBLISHER = {{ATIEF ; INRP}},
  PAGES = {391-402},
  YEAR = {2003},
  MONTH = Apr,
  KEYWORDS = {Psycholinguistics ; Education/ Computer-assisted education ; Psychology/ Cognition ; Cognitive psychology ; evaluation ; usability ; utility ; acceptability ; methodology ; Education-Data processing ; Computer-assisted instruction ; Information and communications technology ; Educational technologies ; Education et informatique ; Enseignement assist{\'e} par ordinateur ;Nouvelles technologies de l'information et de la communication ; utilisabilit{\'e} ; utilit{\'e} ; acceptabilit{\'e} ; m{\'e}thodologie},
  PDF = {https://edutice.archives-ouvertes.fr/edutice-00000154/file/n036-80.pdf},
  HAL_ID = {edutice-00000154},
  HAL_VERSION = {v1},
}
%fonction cog
@article{chan2008assessment,
  title={Assessment of executive functions: Review of instruments and identification of critical issues},
  author={Chan, Raymond CK and Shum, David and Toulopoulou, Timothea and Chen, Eric YH},
  journal={Archives of clinical neuropsychology},
  volume={23},
  number={2},
  pages={201--216},
  year={2008},
  publisher={Oxford University Press}
}
@article{wagner2004cognitive,
  title={Cognitive control, semantic memory, and priming: contributions from prefrontal cortex},
  author={Wagner, Anthony D and Bunge, Silvia A and Badre, David},
  journal={The cognitive neurosciences},
  volume={3},
  pages={709--725},
  year={2004},
  publisher={MIT Press Cambridge, MA}
}
@article{alvarez2006executive,
  title={Executive function and the frontal lobes: a meta-analytic review},
  author={Alvarez, Julie A and Emory, Eugene},
  journal={Neuropsychology review},
  volume={16},
  number={1},
  pages={17--42},
  year={2006},
  publisher={Springer}
}
@article{shallice1996domain,
  title={The domain of supervisory processes and temporal organization of behaviour},
  author={Shallice, Timothy and Burgess, Paul},
  journal={Philosophical Transactions of the Royal Society of London. Series B: Biological Sciences},
  volume={351},
  number={1346},
  pages={1405--1412},
  year={1996},
  publisher={The Royal Society London}
}
@article{taconnat2014fonctions,
  title={Fonctions ex{\'e}cutives, vieillissement cognitif et variations strat{\'e}giques},
  author={Taconnat, Laurence and Lemaire, P},
  journal={Psychologie fran{\c{c}}aise},
  volume={59},
  number={1},
  pages={89--100},
  year={2014},
  publisher={Elsevier}
}
@article{miyake2000unity,
  title={The unity and diversity of executive functions and their contributions to complex “frontal lobe” tasks: A latent variable analysis},
  author={Miyake, Akira and Friedman, Naomi P and Emerson, Michael J and Witzki, Alexander H and Howerter, Amy and Wager, Tor D},
  journal={Cognitive psychology},
  volume={41},
  number={1},
  pages={49--100},
  year={2000},
  publisher={Elsevier}
}
%FF shifting
@article{collette2006exploration,
  title={Exploration of the neural substrates of executive functioning by functional neuroimaging},
  author={Collette, Fabienne and Hogge, Micha{\"e}l and Salmon, Eric and Van der Linden, Martial},
  journal={Neuroscience},
  volume={139},
  number={1},
  pages={209--221},
  year={2006},
  publisher={Elsevier}
}
@article{rochat2012difficulties,
  title={Difficulties in disengaging attentional resources from self-generated thoughts moderate the link between dysphoria and maladaptive self-referential thinking},
  author={Rochat, Lucien and Billieux, Jo{\"e}l and Van der Linden, Martial},
  journal={Cognition \& emotion},
  volume={26},
  number={4},
  pages={748--757},
  year={2012},
  publisher={Taylor \& Francis}
}
%FF updating
@article{shimamura2000role,
  title={The role of the prefrontal cortex in dynamic filtering},
  author={Shimamura, Arthur P},
  journal={Psychobiology},
  volume={28},
  number={2},
  pages={207--218},
  year={2000},
  publisher={Springer}
}
@article{morris1990memory,
  title={Memory updating in working memory: The role of the central executive},
  author={Morris, Neil and Jones, Dylan M},
  journal={British journal of psychology},
  volume={81},
  number={2},
  pages={111--121},
  year={1990},
  publisher={Wiley Online Library}
}
%FF inhibition
@incollection{bjorklund1995evolution,
  title={The evolution of inhibition mechanisms and their role in human cognition and behavior},
  author={Bjorklund, David F and Harnishfeger, Katherine Kipp},
  booktitle={Interference and inhibition in cognition},
  pages={141--173},
  year={1995},
  publisher={Elsevier}
}
@article{dempster1992rise,
  title={The rise and fall of the inhibitory mechanism: Toward a unified theory of cognitive development and aging},
  author={Dempster, Frank N},
  journal={Developmental review},
  volume={12},
  number={1},
  pages={45--75},
  year={1992},
  publisher={Elsevier}
}
@article{burke1991improving,
  title={Improving executive function disorders in brain-injured clients},
  author={Burke, WH and Zencius, AH and Wesolowski, MD and Doubleday, F},
  journal={Brain Injury},
  volume={5},
  number={3},
  pages={241--252},
  year={1991},
  publisher={Taylor \& Francis}
}
% cite only 2
@phdthesis{urben2011inhibition,
  title={L'inhibition d'une r{\'e}ponse dominante chez l'enfant: d{\'e}veloppement et interaction avec les processus {\'e}motionnels},
  author={Urben, S{\'e}bastien},
  year={2011},
  school={University of Geneva}
}
%FF T Trail Making
@article{reitan1958validity,
  title={Validity of the Trail Making Test as an indicator of organic brain damage},
  author={Reitan, Ralph M},
  journal={Perceptual and motor skills},
  volume={8},
  number={3},
  pages={271--276},
  year={1958},
  publisher={SAGE Publications Sage CA: Los Angeles, CA}
}
%FF T Plus-Minus
%FF T N-back
@article{smith1998neuroimaging,
  title={Neuroimaging analyses of human working memory},
  author={Smith, Edward E and Jonides, John},
  journal={Proceedings of the National Academy of Sciences},
  volume={95},
  number={20},
  pages={12061--12068},
  year={1998},
  publisher={National Acad Sciences}
}
@article{szmalec2011control,
  title={Control of interference during working memory updating.},
  author={Szmalec, Arnaud and Verbruggen, Frederick and Vandierendonck, Andr{\'e} and Kemps, Eva},
  journal={Journal of Experimental Psychology: Human Perception and Performance},
  volume={37},
  number={1},
  pages={137},
  year={2011},
  publisher={American Psychological Association}
}
@article{stroop1935studies,
  title={Studies of interference in serial verbal reactions.},
  author={Stroop, J Ridley},
  journal={Journal of experimental psychology},
  volume={18},
  number={6},
  pages={643},
  year={1935},
  publisher={Psychological Review Company}
}
%FF T flanker
@article{eriksen1974effects,
  title={Effects of noise letters upon the identification of a target letter in a nonsearch task},
  author={Eriksen, Barbara A and Eriksen, Charles W},
  journal={Perception \& psychophysics},
  volume={16},
  number={1},
  pages={143--149},
  year={1974},
  publisher={Springer}
}
@article{grant1948behavioral,
  title={A behavioral analysis of degree of reinforcement and ease of shifting to new responses in a Weigl-type card-sorting problem.},
  author={Grant, David A and Berg, Esta},
  journal={Journal of experimental psychology},
  volume={38},
  number={4},
  pages={404},
  year={1948},
  publisher={American Psychological Association}
}
%prob resolu
@article{anderson1990cognitive,
  title={Cognitive modeling and intelligent tutoring},
  author={Anderson, John R and Boyle, C Franklin and Corbett, Albert T and Lewis, Matthew W},
  journal={Artificial intelligence},
  volume={42},
  number={1},
  pages={7--49},
  year={1990}
}
%redondance
@article{penney1989modality,
  title={Modality effects and the structure of short-term verbal memory},
  author={Penney, Catherine G},
  journal={Memory \& cognition},
  volume={17},
  number={4},
  pages={398--422},
  year={1989},
  publisher={Springer}
}
%element interactif
@article{ayres2013can,
  title={Can the isolated-elements strategy be improved by targeting points of high cognitive load for additional practice?},
  author={Ayres, Paul},
  journal={Learning and Instruction},
  volume={23},
  pages={115--124},
  year={2013},
  publisher={Elsevier}
}
%effet d'expertise
@article{sweller2003expertise,
  title={The expertise reversal effect},
  author={Sweller, John and Ayres, Paul L and Kalyuga, Slava and Chandler, Paul},
  year={2003},
  journal={Educational Psychologist, 38 (1), 23-31}
}
%AE
@phdthesis{chebbihi2018autoexp,
  title={L’auto-explication pour supporter le d{\'e}veloppement du raisonnement diagnostique : perspective des externes de troisi{\`e}me ann{\'e}e de m{\'e}decine},
  author={Chebbihi, Hassiba},
  year={2018},
  school={Universit{\'e} de Sherbrooke, Qu{\'e}bec, Canada }
}

%dual task
@article{pashler1994dual,
  title={Dual-task interference in simple tasks: data and theory.},
  author={Pashler, Harold},
  journal={Psychological bulletin},
  volume={116},
  number={2},
  pages={220},
  year={1994},
  publisher={American Psychological Association}
}
%rotation mental
@article{Albaret1996test,
author = {Albaret, Jean-Michel and Aubert, Eric},
year = {1996},
month = {01},
pages = {206-215},
title = {Test de rotation mentale de Vandenberg : {\'E}talonnage 15-19 ans},
volume = {8},
journal = {Evolutions Psychomotrices}
}
%cecite attentionnel
@article{drew2013invisible,
  title={The invisible gorilla strikes again: Sustained inattentional blindness in expert observers},
  author={Drew, Trafton and V{\~o}, Melissa L-H and Wolfe, Jeremy M},
  journal={Psychological science},
  volume={24},
  number={9},
  pages={1848--1853},
  year={2013},
  publisher={Sage Publications Sage CA: Los Angeles, CA}
}

%%%%%%  motivation  ////////////////
%%%%%%  %%%%%%  %%%%%%  Motivation  ////////////////

%dynamique motive
@article{viau1997vers,
  title={Vers une meilleure compr{\'e}hension de la dynamique motivationnelle des {\'e}tudiants en contexte scolaire},
  author={Viau, Rolland and Louis, Roland},
  journal={Canadian Journal of Education/Revue canadienne de l'{\'e}ducation},
  pages={144--157},
  year={1997},
  publisher={JSTOR}
}
%book viau
@book{viau1994motivation,
  title={La motivation en contexte scolaire},
  author={Viau, Rolland},
  year={1994},
  publisher={{\'E}ditions du Renouveau p{\'e}dagogique,}
}
%ZPD
@book{vygotsky1980mind,
  title={Mind in society: The development of higher psychological processes},
  author={Vygotsky, Lev Semenovich},
  year={1980},
  publisher={Harvard university press}
}
%FLOW
@incollection{nakamura2014concept,
  title={The concept of flow},
  author={Nakamura, Jeanne and Csikszentmihalyi, Mihaly},
  booktitle={Flow and the foundations of positive psychology},
  pages={239--263},
  year={2014},
  publisher={Springer}
}
%acheviements goal
@article{elliot20012,
  title={A 2$\times$ 2 achievement goal framework.},
  author={Elliot, Andrew J and McGregor, Holly A},
  journal={Journal of personality and social psychology},
  volume={80},
  number={3},
  pages={501},
  year={2001},
  publisher={American Psychological Association}
}
%theorie du besoin d’accomplissement:
@article{atkinson1957motivational,
  title={Motivational determinants of risk-taking behavior.},
  author={Atkinson, John W},
  journal={Psychological review},
  volume={64},
  number={6p1},
  pages={359},
  year={1957},
  publisher={American Psychological Association}
}
%theorie du but d’accomplissement de soi:
@article{elliott1988goals,
  title={Goals: An approach to motivation and achievement.},
  author={Elliott, Elaine S and Dweck, Carol S},
  journal={Journal of personality and social psychology},
  volume={54},
  number={1},
  pages={5},
  year={1988},
  publisher={American Psychological Association}
}
@article{dweck1986motivational,
  title={Motivational processes affecting learning.},
  author={Dweck, Carol S},
  journal={American psychologist},
  volume={41},
  number={10},
  pages={1040},
  year={1986},
  publisher={American Psychological Association}
}

@incollection{kernis1995efficacy,
  title={Efficacy, agency, and self-esteem},
  author={Kernis, Michael H},
  booktitle={Efficacy, Agency, and Self-Esteem},
  pages={237--253},
  year={1995},
  publisher={Springer}
}

@article{ryan2000self,
  title={Self-determination theory and the facilitation of intrinsic motivation, social development, and well-being.},
  author={Ryan, Richard M and Deci, Edward L},
  journal={American psychologist},
  volume={55},
  number={1},
  pages={68},
  year={2000},
  publisher={American Psychological Association}
}
@article{deci2012motivation,
  title={Motivation, personality, and development within embedded social contexts: An overview of self-determination theory},
  author={Deci, Edward L and Ryan, Richard M},
  journal={The Oxford handbook of human motivation},
  pages={85--107},
  year={2012},
  publisher={New York}
}
@article{deci2010intrinsic,
  title={Intrinsic motivation},
  author={Deci, Edward L and Ryan, Richard M},
  journal={The corsini encyclopedia of psychology},
  pages={1--2},
  year={2010},
  publisher={Wiley Online Library}
}
@incollection{deci1995human,
  title={Human autonomy},
  author={Deci, Edward L and Ryan, Richard M},
  booktitle={Efficacy, agency, and self-esteem},
  pages={31--49},
  year={1995},
  publisher={Springer}
}
@article{deci1994facilitating,
  title={Facilitating internalization: The self-determination theory perspective},
  author={Deci, Edward L and Eghrari, Haleh and Patrick, Brian C and Leone, Dean R},
  journal={Journal of personality},
  volume={62},
  number={1},
  pages={119--142},
  year={1994},
  publisher={Wiley Online Library}
}
@article{deci1991motivation,
  title={Motivation and education: The self-determination perspective},
  author={Deci, Edward L and Vallerand, Robert J and Pelletier, Luc G and Ryan, Richard M},
  journal={Educational psychologist},
  volume={26},
  number={3-4},
  pages={325--346},
  year={1991},
  publisher={Taylor \& Francis}
}
@book{ryan2017self,
  title={Self-determination theory: Basic psychological needs in motivation, development, and wellness},
  author={Ryan, Richard M and Deci, Edward L},
  year={2017},
  publisher={Guilford Publications}
}
@article{ryan1994representations,
  title={Representations of relationships to teachers, parents, and friends as predictors of academic motivation and self-esteem},
  author={Ryan, Richard M and Stiller, Jerome D and Lynch, John H},
  journal={The Journal of Early Adolescence},
  volume={14},
  number={2},
  pages={226--249},
  year={1994},
  publisher={Sage Publications Sage CA: Thousand Oaks, CA}
}
@article{lepper1973undermining,
  title={Undermining children's intrinsic interest with extrinsic reward: A test of the" overjustification" hypothesis.},
  author={Lepper, Mark R and Greene, David and Nisbett, Richard E},
  journal={Journal of Personality and social Psychology},
  volume={28},
  number={1},
  pages={129},
  year={1973},
  publisher={American Psychological Association}
}

%attribution causale
@article{barbeau1991pour,
  title={Pour mieux comprendre la r{\'e}ussite et les {\'e}checs scolaires},
  author={Barbeau, Denise},
  journal={P{\'e}dagogie coll{\'e}giale},
  volume={5},
  number={1},
  pages={17--22},
  year={1991}
}
%auto regulation
@article{pintrich1991manual,
  title={A manual for the use of the Motivated Strategies for Learning Questionnaire (MSLQ).},
  author = {R Pintrich, P and A. F. Smith, D and Duncan, Teresa and Mckeachie, Wilbert},
  year={1991},
  journal = {Ann Arbor. Michigan}
}
%auto-effictite SEP
@book{bandura2007auto,
  title={Auto-efficacit{\'e}: le sentiment d'efficacit{\'e} personnelle},
  author={Bandura, Albert},
  year={2007},
  publisher={De Boeck,}
}
@article{bandura1986explanatory,
  title={The explanatory and predictive scope of self-efficacy theory},
  author={Bandura, Albert},
  journal={Journal of social and clinical psychology},
  volume={4},
  number={3},
  pages={359--373},
  year={1986},
  publisher={Guilford Press}
}
%controlabilite
@article{weiner1985attributional,
  title={An attributional theory of achievement motivation and emotion.},
  author={Weiner, Bernard},
  journal={Psychological review},
  volume={92},
  number={4},
  pages={548},
  year={1985},
  publisher={American Psychological Association}
}
%interpretation observation tache
@article{chi2014icap,
  title={The ICAP framework: Linking cognitive engagement to active learning outcomes},
  author={Chi, Michelene TH and Wylie, Ruth},
  journal={Educational psychologist},
  volume={49},
  number={4},
  pages={219--243},
  year={2014},
  publisher={Taylor \& Francis}
}
%/àrevoir!
%harter 
@article{harter1981new,
  title={A new self-report scale of intrinsic versus extrinsic orientation in the classroom: Motivational and informational components.},
  author={Harter, Susan},
  journal={Developmental psychology},
  volume={17},
  number={3},
  pages={300},
  year={1981},
  publisher={American Psychological Association}
}
%method eval
@article{mcdougall2001guest,
  title={Guest editorial: assessing learning with ICT},
  author={McDougall, Anne},
  journal={Journal of Computer Assisted Learning},
  volume={17},
  number={3},
  pages={223--226},
  year={2001},
  publisher={Wiley Online Library}
}
%stroeitell
@article{denning2005mastering,
  title={Mastering the discipline of business narrative},
  author={Denning, Stephen},
  journal={Strategy and Leadership},
  year={2005}
}

%%%%%%%%%%%%%%%%%%
%harlow
@article{harlow1950learning,
  title={Learning motivated by a manipulation drive.},
  author={Harlow, Harry F and Harlow, Margaret Kuenne and Meyer, Donald R},
  journal={Journal of experimental psychology},
  volume={40},
  number={2},
  pages={228},
  year={1950},
  publisher={American Psychological Association}
}
@article{deci1971effects,
  title={Effects of externally mediated rewards on intrinsic motivation.},
  author={Deci, Edward L},
  journal={Journal of personality and Social Psychology},
  volume={18},
  number={1},
  pages={105},
  year={1971},
  publisher={American Psychological Association}
}
@article{harter1978effectance,
  title={Effectance motivation reconsidered. Toward a developmental model},
  author={Harter, Susan},
  journal={Human development},
  volume={21},
  number={1},
  pages={34--64},
  year={1978},
  publisher={Karger Publishers}
}
@misc{white1963ego,
  title={Ego and Reality in Psychoanalytic Theory [Psychological Issues, Monogr. 11]},
  author={White, Robert W},
  year={1963},
  publisher={New York: International Universities Press}
}
@article{baumeister1995need,
  title={The need to belong: desire for interpersonal attachments as a fundamental human motivation.},
  author={Baumeister, Roy F and Leary, Mark R},
  journal={Psychological bulletin},
  volume={117},
  number={3},
  pages={497},
  year={1995},
  publisher={American Psychological Association}
}
@article{decharms1968measuring,
  title={Measuring motivation in culturally disadvantaged school children},
  author={Decharms, Richard and Carpenter, Virginia},
  journal={The Journal of Experimental Education},
  volume={37},
  number={1},
  pages={31--41},
  year={1968},
  publisher={Taylor \& Francis}
}
@article{chirkov2003differentiating,
  title={Differentiating autonomy from individualism and independence: A self-determination theory perspective on internalization of cultural orientations and well-being.},
  author={Chirkov, Valery and Ryan, Richard M and Kim, Youngmee and Kaplan, Ulas},
  journal={Journal of personality and social psychology},
  volume={84},
  number={1},
  pages={97},
  year={2003},
  publisher={American Psychological Association}
}
@article{amabile1976effects,
  title={Effects of externally imposed deadlines on subsequent intrinsic motivation},
  author={Amabile, Teresa M and DeJong, William and Lepper, Mark R},
  journal={Journal of personality and social psychology},
  volume={34},
  number={1},
  pages={92--98},
  year={1976}
}
@article{zuckerman1978importance,
  title={On the importance of self-determination for intrinsically-motivated behavior},
  author={Zuckerman, Miron and Porac, Joseph and Lathin, Drew and Deci, Edward L},
  journal={Personality and social psychology bulletin},
  volume={4},
  number={3},
  pages={443--446},
  year={1978},
  publisher={Sage Publications Sage CA: Thousand Oaks, CA}
}
@article{frodi1985correlates,
  title={Correlates of mastery-related behavior: A short-term longitudinal study of infants in their second year},
  author={Frodi, Ann and Bridges, Lisa and Grolnick, Wendy},
  journal={Child development},
  pages={1291--1298},
  year={1985},
  publisher={JSTOR}
}
@article{vallerand1984causal,
  title={On the causal effects of perceived competence on intrinsic motivation: A test of cognitive evaluation theory},
  author={Vallerand, Robert J and Reid, Greg},
  journal={Journal of Sport and exercise Psychology},
  volume={6},
  number={1},
  pages={94--102},
  year={1984}
}
@incollection{vallerand1997toward,
  title={Toward a hierarchical model of intrinsic and extrinsic motivation},
  author={Vallerand, Robert J},
  booktitle={Advances in experimental social psychology},
  volume={29},
  pages={271--360},
  year={1997},
  publisher={Elsevier}
}
@article{kuhl1998decomposing,
  title={Decomposing self-regulation and self-control: The volitional components inventory.},
  author={Kuhl, Julius and Fuhrmann, Arno},
  year={1998},
  publisher={Cambridge University Press},
  journal={American Psychological Association}
}

@book{pink2011drive,
  title={Drive: The surprising truth about what motivates us},
  author={Pink, Daniel H},
  year={2011},
  publisher={Penguin}
}
@book{pink2011verite,
  title={La v{\'e}rit{\'e} sur ce qui nous motive: Tout ce qu’il faut savoir pour transformer sa vie et aller de l’avant!},
  author={Pink, Daniel H},
  year={2011},
  publisher={{\'E}ditions Leduc. s}
}

@book{kohn1999punished,
  title={Punished by Rewards:: The Trouble with Gold Stars, Incentive Plans, A's, Praise, and Other Bribes},
  author={Kohn, Alfie},
  year={1999},
  publisher={Houghton Mifflin Harcourt}
}
@article{mcgregor1960theory,
  title={Theory X and theory Y},
  author={McGregor, Douglas},
  journal={Organization theory},
  volume={358},
  pages={374},
  year={1960},
  publisher={Penguin London}
}
@article{green2012academic,
  title={Academic motivation, self-concept, engagement, and performance in high school: Key processes from a longitudinal perspective},
  author={Green, Jasmine and Liem, Gregory Arief D and Martin, Andrew J and Colmar, Susan and Marsh, Herbert W and McInerney, Dennis},
  journal={Journal of adolescence},
  volume={35},
  number={5},
  pages={1111--1122},
  year={2012},
  publisher={Elsevier}
}
%engagement
@book{kiesler1971psychology,
  title={The psychology of commitment},
  author={Kiesler, Charles A},
  year={1971},
  publisher = {New York: Academic Press},
}
%maslow
@article{mcleod2007maslow,
  title={Maslow's hierarchy of needs},
  author={McLeod, Saul},
  journal={Simply psychology},
  volume={1},
  year={2007}
}
@article{grolnick1989parent,
  title={Parent styles associated with children's self-regulation and competence in school.},
  author={Grolnick, Wendy S and Ryan, Richard M},
  journal={Journal of educational psychology},
  volume={81},
  number={2},
  pages={143},
  year={1989},
  publisher={American Psychological Association}
}

%appropriation
@inproceedings{proulx2002trajectoires,
  title={Trajectoires d’usages des technologies de communication: les formes d’appropriation d’une culture num{\'e}rique comme enjeu d’une {\guillemotleft}soci{\'e}t{\'e} du savoir{\guillemotright}},
  author={Proulx, Serge},
  booktitle={Annales des t{\'e}l{\'e}communications},
  volume={57},
  number={3-4},
  pages={180--189},
  year={2002},
  organization={Springer}
}

%%%%%%  autres  ////////////////

%E-FRAN
@inproceedings{lehmans:hal-01792890,
  TITLE = {{LE PROJET E-FRAN PERSEVERONS : NUMERIQUE ET PERSEVERANCE A L'ECOLE}},
  AUTHOR = {Lehmans, Anne},
  URL = {https://hal.archives-ouvertes.fr/hal-01792890},
  BOOKTITLE = {{Printemps de la recherche dans les ESPE}},
  ADDRESS = {Paris, France},
  YEAR = {2017},
  MONTH = Mar,
  PDF = {https://hal.archives-ouvertes.fr/hal-01792890/file/1%20-%20Actes%20du%20Printemps%20RESPE%202017%20-%20anne%20lehmans%20%282%29.pdf},
  HAL_ID = {hal-01792890},
  HAL_VERSION = {v1},
}



%computer room
@incollection{watson1990classroom,
  title={The classroom vs the computer room},
  author={Watson, Deryn M},
  booktitle={Computer Assisted Learning},
  pages={33--37},
  year={1990},
  publisher={Elsevier}
}
%internet
@article{maddux1994internet,
  title={The Internet: Educational prospects—and problems},
  author={Maddux, Cleborne D},
  journal={Educational Technology},
  volume={34},
  number={7},
  pages={37--42},
  year={1994},
  publisher={JSTOR}
}
@article{schofield1997internet,
  title={The Internet in school: A case study of educator demand and its precursors},
  author={Schofield, Janet W and Davidson, Ann and Stocks, Janet E and Futoran, Gail},
  journal={Culture of the Internet},
  pages={361--384},
  year={1997},
  publisher={Lawrence Erlbaum Associates}
}
%TBI
@article{smith2005interactive,
  title={Interactive whiteboards: boon or bandwagon? A critical review of the literature},
  author={Smith, Heather J and Higgins, Steve and Wall, Kate and Miller, Jen},
  journal={Journal of Computer Assisted Learning},
  volume={21},
  number={2},
  pages={91--101},
  year={2005},
  publisher={Wiley Online Library}
}
%Honeymoon
@article{csad2012honeymoon,
  title={Honeymoon with IWBs: A qualitative insight in primary students' views on instruction with interactive whiteboard},
  author={{\c{S}}Ad, S{\"u}Leyman Nihat and {\"O}Zhan, U{\u{g}}Ur},
  journal={Computers \& Education},
  volume={59},
  number={4},
  pages={1184--1191},
  year={2012},
  publisher={Elsevier}
}
%emotion
@book{plutchik1991emotions,
  title={The emotions},
  author={Plutchik, Robert},
  year={1991},
  publisher={University Press of America}
}

%paradigme
@book{bansal2013introduction,
  title={Introduction to programming languages},
  author={Bansal, Arvind Kumar},
  year={2013},
  publisher={Chapman and Hall/CRC}
}
%methode
@book{chevreul1856lettres,
  title={Lettres adress{\'e}es {\`a} M. Villemain... sur la m{\'e}thode en g{\'e}n{\'e}ral, et sur la d{\'e}finition du mot fait, etc},
  author={Chevreul, Michel Eug{\`e}ne},
  year={1856},
  publisher={Garnier}
}
%objet num
@article{guillemot2015objets,
  title={Les objets num{\'e}riques: perception des utilisateurs et tactiques d’appropriation},
  author={Guillemot, Samuel and Gourmelen, Andr{\'e}a and Kovesi, Klara and Tamaro, Annick},
  journal={Terminal. Technologie de l'information, culture \& soci{\'e}t{\'e}},
  year={2015},
  publisher={Creis-Terminal}
}

%%%%%%  pedagogie  ////////////////
%referentiel compt prof
@article{Paquay1994referentiel,
title = {Vers un r{\'e}f{\'e}rentiel des comp{\'e}tences professionnelles de l'enseignant ?},
author = {Paquay, L{\'e}opold},
booktitle = {Recherche \& Formation, N\°16, 1994. Les professions de l'{\'e}ducation: recherches et pratiques en formation.},
year = {1994},
ISSN = {0988-1824},
url = {https://www.persee.fr/doc/refor_0988-1824_1994_num_16_1_1206},
doi = {10.3406/refor.1994.1206},
language = {fre},
publisher = {Institut National de Recherche P{\'e}dagogique},
journal={Pers{\'e}e}
}
@article{kennedy1987chapter,
  title={Chapter 4: Inexact Sciences: Professional Education and the Development of Expertise},
  author={Kennedy, Mary M},
  journal={Review of research in education},
  volume={14},
  number={1},
  pages={133--167},
  year={1987},
  publisher={Sage Publications Sage CA: Thousand Oaks, CA}
}
@article{zeichner1983alternative,
  title={Alternative paradigms of teacher education},
  author={Zeichner, Kenneth M},
  journal={Journal of teacher education},
  volume={34},
  number={3},
  pages={3--9},
  year={1983},
  publisher={Sage Publications Sage CA: Thousand Oaks, CA}
}
@article{calderhead1992conceptualisation,
  title={Conceptualisation et {\'e}valuation de la formation professionnelle des enseignants},
  author={Calderhead, James},
  journal={Recherche \& formation},
  volume={11},
  number={1},
  pages={51--63},
  year={1992},
  publisher={Institut National de Recherche P{\'e}dagogique}
}
@article{grootaers1991professeur,
  title={Un professeur en forme, un professeur en formation},
  author={Grootaers, D and Tilman, F},
  journal={La revue nouvelle},
  volume={1},
  pages={93--104},
  year={1991}
}
%ego/allo centre
@article{verjat1994confrontation,
  title={Confrontation de deux approches de la localisation spatiale},
  author={Verjat, Isabelle},
  journal={L'ann{\'e}e psychologique},
  volume={94},
  number={3},
  pages={403--423},
  year={1994},
  publisher={Universit{\'e} Ren{\'e} Descartes, Paris 5}
}

%montessori
@book{montessori2013montessori,
  title={The montessori method},
  author={Montessori, Maria},
  year={2013},
  publisher={Transaction publishers}
}
%freinet
@book{freinet1969pour,
  title={Pour l'{\'e}cole du peuple},
  author={Freinet, C{\'e}lestin},
  year={1969},
  publisher={Maspero Paris}
}
%papert vs freinet
@article{ackermann2001piaget,
  title={Piaget’s constructivism, Papert’s constructionism: What’s the difference},
  author={Ackermann, Edith},
  journal={Future of learning group publication},
  volume={5},
  number={3},
  pages={438},
  year={2001}
}
%peda fonctionnel dewey 
@book{chen1958doctrine,
  title={La Doctrine p{\'e}dagogique de John Dewey},
  author={Chen, Ou Tsuin},
  year={1958},
  publisher={Vrin}
}
%ecoel active
@inproceedings{adolphe1922ecole,
  title={L’{\'e}cole active},
  booktitle={L’{\'e}cole active},
  author={Adolphe, Ferriere},
  year={1922},
  organization={Neuch{\^a}tel et Gen{\`e}ve, {\'e}ditions Forum}
}
%cousinet
@book{cousinet1950education,
  title={L'{\'e}ducation nouvelle},
  author={Cousinet, Roger},
  volume={3},
  year={1950},
  publisher={Delachaux et Niestl{\'e} Neuch{\^a}tel, Switzerland}
}
%peda social
@article{snyders1976ecole,
  title={{\'E}cole classe et lutte des classes},
  author={Snyders, Georges},
  year={1976},
  journal={P.U.F},
  publisher={Presses universitaires de France,}
}
@book{oury1967vers,
  title={Vers une p{\'e}dagogie institutionnelle},
  author={Oury, Fernand and Vasquez, A{\"\i}da},
  year={1967},
  publisher={FeniXX}
}
@article{vexliard1951education,
  title={L'{\'e}ducation Morale dans la P{\'e}dagogie de Makarenko},
  author={Vexliard, Alexandre},
  journal={Enfance},
  volume={4},
  number={3},
  pages={251--268},
  year={1951},
  publisher={PUF}
}
%vyg
@book{vygotskiui1997pensee,
  title={Pens{\'e}e et langage},
  author={Vygotski{\u\i}, Lev Semenovich and S{\`e}ve, Fran{\c{c}}oise and Piaget, Jean and Clot, Yves and S{\`e}ve, Lucien and Piaget, Jean},
  year={1997},
  publisher={La dispute}
}

%altet
@book{altet2013pedagogies,
  title={Les p{\'e}dagogies de l'apprentissage},
  author={Altet, Marguerite},
  year={2013},
  publisher={Puf}
}
%alvarez
@book{alvarez2016lois,
  title={Les Lois naturelles de l'enfant: La R{\'e}volution de l'{\'e}ducation},
  author={Alvarez, C{\'e}line},
  year={2016},
  publisher={Les Ar{\`e}nes}
}
@book{lieury2013motivation,
  title={Motivation et r{\'e}ussite scolaire-3{\`e}me {\'e}dition},
  author={Lieury, Alain and Fenouillet, Fabien},
  year={2013},
  publisher={Dunod}
}


%triangle
@book{houssaye1992triangle,
  title={Le triangle p{\'e}dagogique},
  author={Houssaye, Jean and Hameline, Daniel and Hameline, Daniel},
  year={1992},
  publisher={P. Lang}
}
%tetra
@inproceedings{faerber2003groupements,
  title={Groupements, processus p{\'e}dagogiques et quelques contraintes li{\'e}s {\`a} un environnement virtuel d'apprentissage},
  author={Faerber, Richard},
  booktitle={Environnements Informatiques pour l'Apprentissage Humain 2003},
  pages={199--210},
  year={2003},
  organization={ATIEF; INRP}
}
%role consigne
@article{duncker1945problem,
  title={On problem-solving.},
  author={Duncker, Karl and Lees, Lynne S},
  journal={Psychological monographs},
  volume={58},
  number={5},
  pages={i},
  year={1945},
  publisher={American Psychological Association}
}
%TIC dans l'enseignement
@article{coen2006construction,
  title={Construction d'un outil pour {\'e}valuer le degr{\'e} d'int{\'e}gration des TIC dans l'enseignement},
  author={Coen, Pierre-Fran{\c{c}}ois and Schumacher, J{\'e}r{\^o}me},
  journal={Revue internationale des technologies en p{\'e}dagogie universitaire},
  volume={3},
  number={3},
  pages={7--17},
  year={2006}
}
% /àrevoir!
@article{tyler2010instruments,
  title={Instruments for assessing interest in STEM content and careers},
  author={Tyler-Wood, Tandra and Knezek, Gerald and Christensen, Rhonda},
  journal={Journal of Technology and Teacher Education},
  volume={18},
  number={2},
  pages={345--368},
  year={2010},
  publisher={Society for Information Technology \& Teacher Education}
}
% tech in clasroom fr
@book{institut2000technologies,
  title={Les Technologies dans la classe: de l'innovation {\`a} l'int{\'e}gration},
  author={Institut national de recherche p{\'e}dagogique (France) and Association Enseignement public et informatique (Paris) and Baron, Georges-Louis},
  year={2000},
  publisher={Association enseignement public et informatique: Institut national de~…}
}
% robot activity
@inproceedings{kaloti2015students,
  title={Students' attitudes and motivation during robotics activities},
  author={Kaloti-Hallak, Fatima and Armoni, Michal and Ben-Ari, Mordechai Moti},
  booktitle={Proceedings of the Workshop in Primary and Secondary Computing Education},
  pages={102--110},
  year={2015},
  organization={ACM}
}
%self-determination in school
@article{black2000effects,
  title={The effects of instructors' autonomy support and students' autonomous motivation on learning organic chemistry: A self-determination theory perspective},
  author={Black, Aaron E and Deci, Edward L},
  journal={Science education},
  volume={84},
  number={6},
  pages={740--756},
  year={2000},
  publisher={Wiley Online Library}
}
%help to introduce robot
@article{kim2015robotics,
  title={Robotics to promote elementary education pre-service teachers' STEM engagement, learning, and teaching},
  author={Kim, ChanMin and Kim, Dongho and Yuan, Jiangmei and Hill, Roger B and Doshi, Prashant and Thai, Chi N},
  journal={Computers \& Education},
  volume={91},
  pages={14--31},
  year={2015},
  publisher={Elsevier}
}
%ISN
@book{dowek2012informatique,
  title={Informatique et sciences du num{\'e}rique: sp{\'e}cialit{\'e} ISN en terminale S, avec des exercices corrig{\'e}s et des id{\'e}es de projets},
  author={Dowek, Gilles},
  year={2012},
  publisher={Editions Eyrolles}
}
%type interaction
@inproceedings{romero2016educational,
  title={Educational robotics: from procedural learning to co-creative project oriented challenges with LEGO WeDo},
  author={Romero, Margarida and Dupont, Yannick},
  booktitle={8th Conference on Education and New Learning Technology, Barselona},
  year={2016}
}
% Turkle
@book{turkle2005second,
  title={The second self: Computers and the human spirit},
  author={Turkle, Sherry},
  year={2005},
  publisher={MIT Press}
}
@article{turkle2006encounters,
  title={Encounters with kismet and cog: Children respond to relational artifacts},
  author={Turkle, Sherry and Breazeal, Cynthia and Dast{\'e}, Olivia and Scassellati, Brian},
  journal={Digital media: Transformations in human communication},
  volume={120},
  year={2006},
  publisher={Peter Lang, Frankfurt}
}
%ackermann playthings that do things
@inproceedings{ackermann2005playthings,
  title={Playthings that do things: a young kid's incredibles!},
  author={Ackermann, Edith K},
  booktitle={Proceedings of the 2005 conference on Interaction design and children},
  pages={1--8},
  year={2005},
  organization={ACM}
}
%pensee informatique
@article{atlan2019apprentissage,
  title={Apprentissage de la pens{\'e}e informatique: de la formation des enseignant.e.s a la formation de tou.te.s les citoyen.ne.s},
  author={Atlan, Corinne and Archambault, Jean-Pierre and Banus, Olivier and Bardeau, Fr{\'e}d{\'e}ric and Blandeau, Am{\'e}lie and Cois, Antonin and Courbin, Martine and Giraudon, G{\'e}rard and Lef{\`e}vre, Saint-Clair and Letard, Val{\'e}rie and others},
  journal={arXiv preprint arXiv:1906.00647},
  year={2019}
}
%neuro mythe
@book{gros2018neurosciences,
  title={Les neurosciences en {\'e}ducation},
  author={Gros, Hippolyte and Gvozdic, Katarina and Sander, Emmanuel and Scheibling-S{\`e}ve, Calliste},
  year={2018},
  publisher={Retz}
}
%crea activite
@article{toffoli2010analyse,
  title={Analyse de Apprentissages et documents num{\'e}riques},
  author={Toffoli, Denyze and Sockett, Geoffrey},
  journal={Alsic. Apprentissage des Langues et Syst{\`e}mes d'Information et de Communication},
  volume={13},
  year={2010},
  publisher={Adalsic}
}
%methode scientifique
@book{Bertacchini2015methode,
author = {Bertacchini, Yann},
year = {2015},
month = {11},
pages = {},
publisher = {ETIC},
title = {Trait{\'e} d'Initiation {\`a} l’usage de l’Apprenti-Chercheur en Sciences Humaines \& Sociales {\'e}pist{\'e}mologie-m{\'e}thodologie}
}

%%%%%%  poppy  ////////////////
%%%%%%  %%%%%%  %%%%%%  Poppy  ////////////////
%poppy plateforme
@phdthesis{lapeyre2015poppy,
  title={Poppy: plate-forme robotique open source, imprim{\'e}e en 3D et totalement modulaire pour l’experimentation scientifique, artistique et p{\'e}dagogique},
  author={Lapeyre, Matthieu},
  year={2015},
  school={Bordeaux}
}
%poppy leg bio inspire
@inproceedings{lapeyre2013poppy,
  title={The poppy humanoid robot: Leg design for biped locomotion},
  author={Lapeyre, Matthieu and Rouanet, Pierre and Oudeyer, Pierre-Yves},
  booktitle={2013 IEEE/RSJ International Conference on Intelligent Robots and Systems},
  pages={349--356},
  year={2013},
  organization={IEEE}
}

%ERGO-livret
@booklet{noirpoudre2016livret,
  title={Livret p{\'e}dagogique: Apprendre {\`a} programmer Poppy Ergo Jr en Snap},
  author={Noirpoudre, Stephanie and Roy, Didier and Demangeat, Marie and Desprez, Thibault and Segonds, Th{\'e}o and Rouanet, Pierre and Caselli, Damien and Rabault, Nicolas and Lapeyre, Matthieu and Oudeyer, Pierre-Yves},
  year={2016}
}
%ERGO-dispositif_eiah2017
@inproceedings{noirpoudre2017poppy,
  title={Poppy Education: un dispositif robotique open source pour l'enseignement de l'informatique et de la robotique},
  author={Noirpoudre, St{\'e}phanie and Roy, Didier and Desprez, Thibault and Segonds, Th{\'e}o and Caselli, Damien and Oudeyer, Pierre-Yves},
  booktitle={EIAH 2017},
  year={2017}
}
%ERGO_use_didapro2018
@inproceedings{desprez2018poppy,
  title={Poppy Ergo Jr: un kit robotique au coeur du dispositif Poppy {\'E}ducation},
  author={Desprez, Thibault and Noirpoudre, St{\'e}phanie and Segonds, Th{\'e}o and Caselli, Damien and Roy, Didier and Oudeyer, Pierre-Yves},
  booktitle={Didapro},
  year={2018}
}
%ERGO_vs_thymio eiah2019
@inproceedings{desprez:hal-02120958,
  TITLE = {{Les kits p{\'e}dagogiques Thymio et ErgoJr. {\'E}tude de cas lors d'une journ{\'e}e de formation pour un public adulte et novice en robotique.}},
  AUTHOR = {Desprez, Thibault and Roy, Didier and Oudeyer, Pierre-Yves},
  URL = {https://hal.archives-ouvertes.fr/hal-02120958},
  BOOKTITLE = {{EIAH'2019 - Atelier IHM pour l'{\'e}ducation}},
  ADDRESS = {Paris, France},
  YEAR = {2019},
  MONTH = Jun,
  KEYWORDS = {Robot Thymio ; Evaluation ; User experience ; Visual programming ; Robot Poppy ErgoJr ; Programmation visuel ; Experience utilisateur},
  PDF = {https://hal.archives-ouvertes.fr/hal-02120958/file/EIAH2019.pdf},
  HAL_ID = {hal-02120958},
  HAL_VERSION = {v1},
}
%poster
@misc{desprezPoster-EDMI,
  TITLE = {{Conception et {\'e}valuation de kits robotiques p{\'e}dagogiques: Analyse {\'e}cologique et exp{\'e}rimentale des utilisations de la robotique {\`a} l'{\'e}cole en termes de connaissances et de repr{\'e}sentations }},
  AUTHOR = {Desprez, Thibault and Noirpoudre, St{\'e}phanie and Segonds, Th{\'e}o and Caselli, Damien and Roy, Didier and Oudeyer, Pierre-Yves},
  URL = {https://hal.archives-ouvertes.fr/hal-01780511},
  NOTE = {Poster},
  HOWPUBLISHED = {{Journ{\'e}e de l'EDMI}},
  YEAR = {2018},
  MONTH = Mar,
  PDF = {https://hal.archives-ouvertes.fr/hal-01780511/file/poster_v3__Fr__A0.pdf},
  HAL_ID = {hal-01780511},
  HAL_VERSION = {v1},
}
@misc{desprezPoster-efran,
  TITLE = {{Design and Evaluation of Pedagogical Robotic Kits}},
  AUTHOR = {Desprez, Thibault and Noirpoudre, St{\'e}phanie and Segonds, Th{\'e}o and Caselli, Damien and Roy, Didier and Oudeyer, Pierre-Yves},
  URL = {https://hal.archives-ouvertes.fr/hal-01688310},
  NOTE = {Poster},
  HOWPUBLISHED = {{Colloque e-Fran, Territoires {\'e}ducatifs d'innovation num{\'e}rique}},
  ORGANIZATION = {{Minist{\`e}re de l'{\'e}ducation nationale}},
  PAGES = {1},
  YEAR = {2018},
  MONTH = Jan,
  PDF = {https://hal.archives-ouvertes.fr/hal-01688310/file/Poster%20-%20PhD%20thesis%20of%20Thibault%20Desprez.pdf},
  HAL_ID = {hal-01688310},
  HAL_VERSION = {v1},
}

%dragster
@misc{gilliard:hal-02154848,
  TITLE = {{Conception and testing of modular robotic kits based on Poppy Ergo Jr for educational purposes}},
  AUTHOR = {Gilliard, Tallulah and Desprez, Thibault and Oudeyer, Pierre-Yves},
  URL = {https://hal.inria.fr/hal-02154848},
  NOTE = {Poster},
  HOWPUBLISHED = {{Colloque des Jeunes Chercheurs en Sciences Cognitives (CJC2019)}},
  YEAR = {2019},
  MONTH = Mar,
  PDF = {https://hal.inria.fr/hal-02154848/file/PosterCJC2019.pdf},
  HAL_ID = {hal-02154848},
  HAL_VERSION = {v1},
}
%expo ergo Sr
@article{oudeyer2011curiosity,
  title={Curiosity and Languages},
  author={Oudeyer, Pierre-Yves},
  year={2011},
  journal={Catalogue of the Exhibition “Mathematics: A Beautiful Elsewhere”, Fondation Cartier pour l’Art Contemporain, Paris, France}
}
%dance
@inbook{villard2016mouv,
  author={Villard, Marie-Aline, Lapeyre, Matthieu},
  title={L’Entre-deux et l’Imaginaire},
  chapter={{\`A} propos d’une exp{\'e}rience de mouvement partag{\'e} avec un robot humanoide : l’entre-deux comme maintien du vivant},
  pages={42},
  publisher={revue IRIS},
  year={2016},
 }
%%%%%%  robot  ////////////////
%uncanny
@article{mori1970uncanny,
  title={The uncanny valley},
  author={Mori, Masahiro},
  journal={Energy},
  volume={7},
  number={4},
  pages={33--35},
  year={1970}
}
%classification
@book{ben2018elements,
  title={Elements of robotics},
  author={Ben-Ari, Mordechai and Mondada, Francesco},
  year={2018},
  publisher={Springer International Publishing}
}
%utilite robot en classe
@article{barker2007robotics,
  title={Robotics as means to increase achievement scores in an informal learning environment},
  author={Barker, Bradley S and Ansorge, John},
  journal={Journal of research on technology in education},
  volume={39},
  number={3},
  pages={229--243},
  year={2007},
  publisher={Taylor \& Francis}
}
%robot mobile
@article{bayle2008robotique,
  title={Robotique mobile},
  author={Bayle, Bernard},
  journal={Ecole Nationale Superieure de Physique de StrasbourgUniversite Louis Pasteur},
  volume={2007},
  year={2008}
}
%essaim
@article{brambilla2013swarm,
  title={Swarm robotics: a review from the swarm engineering perspective},
  author={Brambilla, Manuele and Ferrante, Eliseo and Birattari, Mauro and Dorigo, Marco},
  journal={Swarm Intelligence},
  volume={7},
  number={1},
  pages={1--41},
  year={2013},
  publisher={Springer}
}
%forme
@article{chang2010exploring,
  title={Exploring the possibility of using humanoid robots as instructional tools for teaching a second language in primary school},
  author={Chang, Chih-Wei and Lee, Jih-Hsien and Chao, Po-Yao and Wang, Chin-Yeh and Chen, Gwo-Dong},
  journal={Journal of Educational Technology \& Society},
  volume={13},
  number={2},
  pages={13--24},
  year={2010},
  publisher={JSTOR}
}

%utilite a lecole
@article{benitti2012exploring,
  title={Exploring the educational potential of robotics in schools: A systematic review},
  author={Benitti, Fabiane Barreto Vavassori},
  journal={Computers \& Education},
  volume={58},
  number={3},
  pages={978--988},
  year={2012},
  publisher={Elsevier}
}
@phdthesis{baron1994informatique,
  title={L'informatique et ses usagers dans l'{\'e}ducation},
  author={Baron, Georges-Louis},
  school={Universit{\'e} Ren{\'e} Descartes, Paris France},
  year={1994}
}

%%%%%%  %%%%%%  %%%%%%  Robot  ////////////////

%thymio
%inirobot for thymio
@inproceedings{roy2016inirobot,
  title={IniRobot et Poppy {\'E}ducation: deux kits robotiques libres pour l'enseignement de l'informatique et de la robotique},
  author={Roy, Didier and Oudeyer, Pierre-Yves},
  booktitle={Colloque Didapro-Didastic 6e {\'e}dition},
  year={2016}
}
@inproceedings{riedo2013thymio, 
  title={Thymio II, a robot that grows wiser with children},
  author={Riedo, Fanny and Chevalier, Morgane and Magnenat, St{\'e}phane and Mondada, Francesco},
  booktitle={2013 IEEE workshop on advanced robotics and its social impacts},
  pages={187--193},
  year={2013},
  organization={IEEE}
}
@article{mondada2017bringing,
  title={Bringing robotics to formal education: The thymio open-source hardware robot},
  author={Mondada, Francesco and Bonani, Michael and Riedo, Fanny and Briod, Manon and Pereyre, L{\'e}a and R{\'e}tornaz, Philippe and Magnenat, St{\'e}phane},
  journal={IEEE Robotics \& Automation Magazine},
  volume={24},
  number={1},
  pages={77--85},
  year={2017},
  publisher={IEEE}
}
%framework for cozmo
@inproceedings{kusumota2018open,
  title={An Open Source Framework for Educational Applications Using Cozmo Mobile Robot},
  author={Kusumota, Victor and Aroca, Rafael and Martins, Felipe},
  booktitle={2018 Latin American Robotic Symposium, 2018 Brazilian Symposium on Robotics (SBR) and 2018 Workshop on Robotics in Education (WRE)},
  pages={569--576},
  year={2018},
  organization={IEEE}
}
%BeeBot
@inproceedings{komis2011robotique,
  title={Robotique p{\'e}dagogique et concepts pr{\'e}liminaires de la programmation {\`a} l'{\'e}cole maternelle: une {\'e}tude de cas bas{\'e}e sur le jouet programmable Bee-Bot},
  author={Komis, Vassilis and Misirli, Anastasia},
  booktitle={Sciences et technologies de l'information et de la communication en milieu {\'e}ducatif: Analyse de pratiques et enjeux didactiques.},
  pages={271--281},
  year={2011},
  organization={Ath{\`e}nes: New Technologies Editions}
}
%kibo
@inproceedings{sullivan2015kibo,
  title={KIBO robot demo: engaging young children in programming and engineering},
  author={Sullivan, Amanda and Elkin, Mollie and Bers, Marina Umaschi},
  booktitle={Proceedings of the 14th international conference on interaction design and children},
  pages={418--421},
  year={2015},
  organization={ACM}
}
@article{sullivan2017imagining,
  title={Imagining, playing, and coding with KIBO: using robotics to foster computational thinking in young children},
  author={Sullivan, Amanda A and Bers, Marina Umaschi and Mihm, Claudia},
  journal={Siu-cheung KONG The Education University of Hong Kong, Hong Kong},
  volume={110},
  year={2017}
}
%bebop AR-drone
@inproceedings{krajnik2011ar,
  title={AR-drone as a platform for robotic research and education},
  author={Krajn{\'\i}k, Tom{\'a}{\v{s}} and Von{\'a}sek, Vojt{\v{e}}ch and Fi{\v{s}}er, Daniel and Faigl, Jan},
  booktitle={International conference on research and education in robotics},
  pages={172--186},
  year={2011},
  organization={Springer}
}
%Metabot
@inproceedings{passault2016metabot,
  title={Metabot: a low-cost legged robotics platform for education},
  author={Passault, Gr{\'e}goire and Rouxel, Quentin and Petit, Fran{\c{c}}ois and Ly, Olivier},
  booktitle={2016 International Conference on Autonomous Robot Systems and Competitions (ICARSC)},
  pages={283--287},
  year={2016},
  organization={IEEE}
}
%Passault, Gr{\'e}goirethèse
@phdthesis{passault:tel-01441799,
  TITLE = {{Optimizing locomotion on low-cost legged robots}},
  AUTHOR = {Passault, Gr{\'e}goire},
  URL = {https://tel.archives-ouvertes.fr/tel-01441799},
  NUMBER = {2016BORD0297},
  SCHOOL = {{Universit{\'e} de Bordeaux}},
  YEAR = {2016},
  MONTH = Dec,
  KEYWORDS = {Low-cost ; Legged ; Gait ; Robotics ; Bas co{\^u}t ; Locomotion ; Robotique ; Allure ; Pattes},
  TYPE = {Theses},
  PDF = {https://tel.archives-ouvertes.fr/tel-01441799/file/PASSAULT_GREGOIRE_2016.pdf},
  HAL_ID = {tel-01441799},
  HAL_VERSION = {v1},
}
%chenille
@phdthesis{paillat2010conception,
  title={Conception et contr{\^o}le de robots {\`a} g{\'e}om{\'e}trie variable: applications au franchissement d'obstacles autonome},
  author={Paillat, Jean-Luc},
  year={2010},
  school={Universit{\'e} d'Angers}
}
%roue-patte
@phdthesis{pierre2013optimisation,
  title={Optimisation des capacit{\'e}s de franchissement des robots mobiles hybrides" roues-pattes"},
  author={Pierre, Jarrault},
  school={Universit{\'e} Pierre et Marie Curie},
  year={2013}
}

%%%%%%  %%%%%%  %%%%%%  Progra  ////////////////
%v-rep
@inproceedings{pitonakova2018feature,
  title={Feature and performance comparison of the V-REP, Gazebo and ARGoS robot simulators},
  author={Pitonakova, Lenka and Giuliani, Manuel and Pipe, Anthony and Winfield, Alan},
  booktitle={Annual Conference Towards Autonomous Robotic Systems},
  pages={357--368},
  year={2018},
  organization={Springer}
}
%jupyter
@inproceedings{ragan2014jupyter,
  title={The Jupyter/IPython architecture: a unified view of computational research, from interactive exploration to communication and publication.},
  author={Ragan-Kelley, Min and Perez, F and Granger, B and Kluyver, T and Ivanov, P and Frederic, J and Bussonnier, M},
  booktitle={AGU Fall Meeting Abstracts},
  year={2014}
}
%scratch
@article{resnick2009scratch,
  title={Scratch: programming for all},
  author={Resnick, Mitchel and Maloney, John and Monroy-Hern{\'a}ndez, Andr{\'e}s and Rusk, Natalie and Eastmond, Evelyn and Brennan, Karen and Millner, Amon and Rosenbaum, Eric and Silver, Jay and Silverman, Brian and others},
  journal={Communications of the ACM},
  volume={52},
  number={11},
  pages={60--67},
  year={2009},
  publisher={ACM}
}
%scratchJr
@article{komis2017analyse,
  title={Une analyse cognitive et didactique du langage de programmation ScratchJr},
  author={Komis, VASSILIS and Touloupaki, SEVASTIANI and Baron, GEORGES-LOUIS},
  journal={Henry, J., Nguyen, A., Vandeput, E.(coordination {\'e}ditoriale), L’informatique et le num{\'e}rique dans la classe: qui, quoi, comment},
  pages={109--122},
  year={2017}
}
% SNAP The Beauty and Joy of Computing (BJC)
@article{garcia2015beauty,
  title={The beauty and joy of computing},
  author={Garcia, Dan and Harvey, Brian and Barnes, Tiffany},
  journal={ACM Inroads},
  volume={6},
  number={4},
  pages={71--79},
  year={2015},
  publisher={ACM}
}
%snap
@inproceedings{harvey2014snap,
  title={Snap!(build your own blocks)},
  author={Harvey, Brian and Garcia, Daniel D and Barnes, Tiffany and Titterton, Nathaniel and Miller, Omoju and Armendariz, Dan and McKinsey, Jon and Machardy, Zachary and Lemon, Eugene and Morris, Sean and others},
  booktitle={Proceedings of the 45th ACM technical symposium on Computer science education},
  pages={749--749},
  year={2014},
  organization={ACM}
}
@inproceedings{harvey2012snap,
  title={Snap!:(build your own blocks)},
  author={Harvey, Brian and Garcia, Daniel and Paley, Josh and Segars, Luke},
  booktitle={Proceedings of the 43rd ACM technical symposium on Computer Science Education},
  pages={662--662},
  year={2012},
  organization={ACM}
}
%LOGO
@article{harel1990software,
  title={Software design as a learning environment},
  author={Harel, Idit and Papert, Seymour},
  journal={Interactive learning environments},
  volume={1},
  number={1},
  pages={1--32},
  year={1990},
  publisher={Taylor \& Francis}
}
%VPL
@inproceedings{shin2014visual,
  title={Visual programming language for Thymio II robot},
  author={Shin, Jiwon and Siegwart, Roland and Magnenat, St{\'e}phane},
  booktitle={Conference on Interaction Design and Children (IDC'14)},
  year={2014},
  organization={ETH Z{\"u}rich}
}
%blockly
@article{fraser2014google,
  title={Google blockly-a visual programming editor},
  author={Fraser, Neil},
  journal={URL:https://developers.google.com/blockly/},
  year={2014}
}
%Smalltalk
@book{goldberg1983smalltalk,
  title={Smalltalk-80: the language and its implementation},
  author={Goldberg, Adele and Robson, David},
  year={1983},
  publisher={Addison-Wesley Longman Publishing Co., Inc.}
}


%%%%%%%%%%% tangibe
% eva hornecker bauhaus
@phdthesis{hornecker2004tangible,
  title={Tangible user interfaces als kooperationsunterst{\"u}tzendes medium},
  author={Hornecker, Eva},
  year={2004},
  school={University of Bremen, Germany}
}
% haptics encoded
@article{johansson2009coding,
  title={Coding and use of tactile signals from the fingertips in object manipulation tasks},
  author={Johansson, Roland S and Flanagan, J Randall},
  journal={Nature Reviews Neuroscience},
  volume={10},
  number={5},
  pages={345},
  year={2009},
  publisher={Nature Publishing Group}
}
% haptics a tuto
@article{lederman2009haptic,
  title={Haptic perception: A tutorial},
  author={Lederman, Susan J and Klatzky, Roberta L},
  journal={Attention, Perception, \& Psychophysics},
  volume={71},
  number={7},
  pages={1439--1459},
  year={2009},
  publisher={Springer}
}
%neurons of touch
@article{abraira2013sensory,
  title={The sensory neurons of touch},
  author={Abraira, Victoria E and Ginty, David D},
  journal={Neuron},
  volume={79},
  number={4},
  pages={618--639},
  year={2013},
  publisher={Elsevier}
}
% haptics affective touch
@article{mcglone2014discriminative,
  title={Discriminative and affective touch: sensing and feeling},
  author={McGlone, Francis and Wessberg, Johan and Olausson, H{\aa}kan},
  journal={Neuron},
  volume={82},
  number={4},
  pages={737--755},
  year={2014},
  publisher={Elsevier}
}
% insula
@article{augustine1996circuitry,
  title={Circuitry and functional aspects of the insular lobe in primates including humans},
  author={Augustine, James R},
  journal={Brain research reviews},
  volume={22},
  number={3},
  pages={229--244},
  year={1996},
  publisher={Elsevier}
}
% damasio insula feelings
@article{damasio2012persistence,
  title={Persistence of feelings and sentience after bilateral damage of the insula},
  author={Damasio, Antonio and Damasio, Hanna and Tranel, Daniel},
  journal={Cerebral Cortex},
  volume={23},
  number={4},
  pages={833--846},
  year={2012},
  publisher={Oxford University Press}
}
%ishii
@inproceedings{ishii1997tangible,
  title={Tangible bits: towards seamless interfaces between people, bits and atoms},
  author={Ishii, Hiroshi and Ullmer, Brygg},
  booktitle={Proceedings of the ACM SIGCHI Conference on Human factors in computing systems},
  pages={234--241},
  year={1997},
  organization={ACM}
}
%%%%%%  survey  ////////////////
%likert
@article{likert1932technique,
  title={A technique for the measurement of attitudes.},
  author={Likert, Rensis},
  journal={Archives of psychology},
  year={1932}
}

%%%%%%  %%%%%%  %%%%%%  UX  ////////////////

%User-centered design ref
@article{abras2004user,
  title={User-centered design},
  author={Abras, Chadia and Maloney-Krichmar, Diane and Preece, Jenny},
  journal={Bainbridge, W. Encyclopedia of Human-Computer Interaction. Thousand Oaks: Sage Publications},
  volume={37},
  number={4},
  pages={445--456},
  year={2004}
}
%USE %nocite
@article{lund2001measuring,
  title={Measuring usability with the use questionnaire12},
  author={Lund, Arnold M},
  journal={Usability interface},
  volume={8},
  number={2},
  pages={3--6},
  year={2001}
}
%SUS
@article{brooke1996sus,
  title={SUS-A quick and dirty usability scale},
  author={Brooke, John},
  journal={Usability evaluation in industry},
  volume={189},
  number={194},
  pages={4--7},
  year={1996},
  publisher={London, United kingdom}
}
@article{brooke2013sus,
  title={SUS: a retrospective},
  author={Brooke, John},
  journal={Journal of usability studies},
  volume={8},
  number={2},
  pages={29--40},
  year={2013},
  publisher={Usability Professionals' Association}
}
%AttrakDiff
@incollection{hassenzahl2003attrakdiff,
  title={AttrakDiff: Ein Fragebogen zur Messung wahrgenommener hedonischer und pragmatischer Qualit{\"a}t},
  author={Hassenzahl, Marc and Burmester, Michael and Koller, Franz},
  booktitle={Mensch \& Computer 2003},
  pages={187--196},
  year={2003},
  publisher={Springer}
}
@article{lallemand2015creation,
  title={Cr{\'e}ation et validation d’une version fran{\c{c}}aise du questionnaire AttrakDiff pour l’{\'e}valuation de l’exp{\'e}rience utilisateur des syst{\`e}mes interactifs},
  author={Lallemand, Carine and Koenig, Vincent and Gronier, Guillaume and Martin, Romain},
  journal={Revue Europ{\'e}enne de Psychologie Appliqu{\'e}e/European Review of Applied Psychology},
  volume={65},
  number={5},
  pages={239--252},
  year={2015},
  publisher={Elsevier}
}

%%%%%%  %%%%%%  %%%%%%  toward robot  ////////////////

%EURO382
@misc{eurobarometer2012382,
  title={382 ‘Public Attitudes Towards Robots’},
  author={Eurobarometer, Special},
  year={2012},
  publisher={Report September}
}

%NARSE
@article{nomura2006measurement,
  title={Measurement of negative attitudes toward robots},
  author={Nomura, Tatsuya and Suzuki, Tomohiro and Kanda, Takayuki and Kato, Kensuke},
  journal={Interaction Studies},
  volume={7},
  number={3},
  pages={437--454},
  year={2006},
  publisher={John Benjamins Publishing Company}
}


%%%%%%  %%%%%%  %%%%%%  Connaissance  ////////////////

%bebras
@article{dagiene2008bebras,
  title={Bebras international contest on informatics and computer literacy: Criteria for good tasks},
  author={Dagien{\.e}, Valentina and Futschek, Gerald},
  journal={Informatics education-supporting computational thinking},
  pages={19--30},
  year={2008},
  publisher={Springer}
}

%%%%%%  %%%%%%  %%%%%%  Capacite  ////////////////

%habilite spatial - rotation mentale
%https://www.researchgate.net/publication/322317362_Test_de_Rotation_Mentale_de_Vandenberg_et_Kuse
%http://tecfaetu.unige.ch/etu-maltt/volt/linhqua0/stic-2/ex12/ex12.html
@article{vandenberg1978mental,
  title={Mental rotations, a group test of three-dimensional spatial visualization},
  author={Vandenberg, Steven G and Kuse, Allan R},
  journal={Perceptual and motor skills},
  volume={47},
  number={2},
  pages={599--604},
  year={1978},
  publisher={SAGE Publications Sage CA: Los Angeles, CA}
}

%EME
@article{vallerand1989construction,
  title={Construction et validation de l'{\'e}chelle de motivation en {\'e}ducation (EME).},
  author={Vallerand, Robert J and Blais, Marc R and Bri{\`e}re, Nathalie M and Pelletier, Luc G},
  journal={Canadian Journal of Behavioural Science/Revue canadienne des sciences du comportement},
  volume={21},
  number={3},
  pages={323},
  year={1989},
  publisher={Canadian Psychological Association}
}
%IMI
@article{mcauley1989psychometric,
  title={Psychometric properties of the Intrinsic Motivation Inventory in a competitive sport setting: A confirmatory factor analysis},
  author={McAuley, Edward and Duncan, Terry and Tammen, Vance V},
  journal={Research quarterly for exercise and sport},
  volume={60},
  number={1},
  pages={48--58},
  year={1989},
  publisher={Taylor \& Francis Group}
}
%POPs
@article{grolnick1991inner,
  title={Inner resources for school achievement: Motivational mediators of children's perceptions of their parents.},
  author={Grolnick, Wendy S and Ryan, Richard M and Deci, Edward L},
  journal={Journal of educational psychology},
  volume={83},
  number={4},
  pages={508},
  year={1991},
  publisher={American Psychological Association}
}
%SPP
@article{harter1982perceived,
  title={The perceived competence scale for children},
  author={Harter, Susan},
  journal={Child development},
  pages={87--97},
  year={1982},
  publisher={JSTOR}
}
%QAE
@article{schiano2005developpement,
  title={D{\'e}veloppement et validation du questionnaire d'approche et d'{\'e}vitement en {\'e}ducation physique et sportive (QAE--EPS)},
  author={Schiano-Lomoriello, S and Cury, F and Da Fons{\'e}ca, D},
  journal={Revue Europ{\'e}enne de Psychologie Appliqu{\'e}e/European Review of Applied Psychology},
  volume={55},
  number={2},
  pages={85--98},
  year={2005},
  publisher={Elsevier}
}
%%%%%%%%%%%%%%%%%%%%%%%%%%%%%%%%%%%%