%%%%%%%%%%%%%%%%%%%%% URL %%%%%%%%%%%%%%%%%%%%%%%%%%%%
% use command \citeURL{} or \citepURL{} or \nociteURL{}
% and add
%@misc{<label>},
%author = {<Name, firstname>},
%title = {<title>},
%type = {<type>},
%year = {<year>},
%note = {\\\url{<https://www.web_adress.com>}}
%}
%Champs optionnels : author, title, howpublished, month, year, note, key, type

%MyLink
@misc{tibo,
author = {Desprez, Thibault},
title = {MyWebSite},
type = {website},
year = {2014},
note = {\\\url{https://thibaultdesprez.com/}}
}
@misc{perseverons,
author = {INSPE},
title = {Site web du projet e-Fran PERSEVERONS},
type = {website},
howpublished = {},
year = {2017},
note = {\\\url{http://perseverons.inspe-bordeaux.fr/}}
}
@misc{e-fran,
author = {Minist{\`e}re de l'enseignement sup{\'e}rieur et de la recherche},
title = {Appel {\`a} projet e-Fran},
type = {website},
howpublished = {},
year = {2016},
note = {\\\url{https://www.education.gouv.fr/cid94346/appel-a-projet-e-fran.html
}}
}
@misc{flowers,
author = {FLOWERS Team},
title = {Site web de l'{\'e}quipe Flowers Inria-BSO},
type = {website},
howpublished = {Flowers Inria-BSO},
year = {2003},
note = {\\\url{https://flowers.inria.fr/}}
}
% poppy links
@misc{poppy-project,
author = {Poppy-Project},
title = {Poppy Project},
type = {website},
howpublished = {Flowers Inria-BSO},
year = {2009},
note = {\\\url{https://www.poppy-project.org/}}
}
@misc{poppy-Education,
author = {Poppy-Project},
title = {Poppy {\'E}ducation},
type = {website},
howpublished = {Flowers Inria-BSO},
year = {2009},
note = {\\\url{https://www.poppy-education.org/}}
}
@misc{prof-cite,
author = {Poppy-Project},
title = {Poppy {\'E}ducation, t{\'e}moignages d'enseignants},
type = {website},
howpublished = {Flowers Inria-BSO},
year = {2015},
note = {\\\url{https://www.poppy-education.org/communaute/temoignages/
}}
}
@misc{poppy-forum,
author = {Poppy-Project},
title = {Poppy Forum},
type = {website},
howpublished = {Flowers Inria-BSO},
year = {2009},
note = {\\\url{https://forum.poppy-project.org/}}
}
@misc{poppy-source,
author = {Poppy-Project},
title = {Poppy Project Source},
type = {website},
howpublished = {Flowers Inria-BSO},
year = {2009},
note = {\\\url{https://github.com/poppy-project/}}
}
@misc{poppy-source-pypot,
author = {Poppy-Project},
title = {Pypot Source},
type = {website},
howpublished = {Flowers Inria-BSO},
year = {2009},
note = {\\\url{https://github.com/poppy-project/pypot}}
}
@misc{poppy-source-ergo,
author = {Poppy-Project},
title = {ErgoJr Source},
type = {website},
howpublished = {Flowers Inria-BSO},
year = {2009},
note = {\\\url{https://github.com/poppy-project/poppy-ergo-jr}}
}
@misc{poppy-doc,
author = {Poppy-Project},
title = {Poppy Documentation},
type = {website},
howpublished = {Flowers Inria-BSO},
year = {2009},
note = {\\\url{https://docs.poppy-project.org/}}
}
@misc{poppy-starter,
author = {Poppy-Project},
title = {Notebook de d{\'e}marage pour ErgoJr},
type = {Python Notebook},
howpublished = {Flowers Inria-BSO},
year = {2009},
note = {\\\url{https://github.com/poppy-project/poppy-ergo-jr/tree/master/software/samples/notebooks
}}
}
@misc{poppy-crowdin,
author = {Poppy-Project},
title = {Poppy Crowdin (traductor)},
type = {website},
howpublished = {Flowers Inria-BSO},
year = {2009},
note = {\\\url{https://crowdin.com/project/poppy-docs/fr}}
}
@misc{poppy-ProjectTwitter,
author = {Poppy-Project},
title = {Poppy Project Twitter},
type = {website},
howpublished = {Flowers Inria-BSO},
year = {2009},
note = {\\\url{https://twitter.com/poppy_project/}}
}
@misc{poppy-EduTwitter,
author = {Poppy-Project},
title = {Poppy Education Twitter},
type = {website},
howpublished = {Flowers Inria-BSO},
year = {2009},
note = {\\\url{https://twitter.com/PoppyEducation/}}
}
@misc{poppy-Youtube,
author = {Poppy-Project},
title = {Poppy Youtube (vid{\'e}os)},
type = {website},
howpublished = {Flowers Inria-BSO},
year = {2009},
note = {\\\url{https://www.youtube.com/c/PoppyProjectOrgVideos/}}
}
@misc{poppy-Vimeo,
author = {Poppy-Project},
title = {Poppy Vimeo (vid{\'e}os)},
type = {website},
howpublished = {Flowers Inria-BSO},
year = {2009},
note = {\\\url{https://vimeo.com/poppyproject/}}
}
@misc{poppy-Flickr,
author = {Poppy-Project},
title = {Poppy Flickr (photos)},
type = {website},
howpublished = {Flowers Inria-BSO},
year = {2009},
note = {\\\url{https://www.flickr.com/photos/poppy-project/albums/}}
}
@misc{poppy-3D,
author = {Poppy-Project},
title = {Poppy Thingiverse (3D print)},
type = {website},
howpublished = {Flowers Inria-BSO},
year = {2009},
note = {\\\url{https://www.thingiverse.com/poppy_project/}}
}
@misc{poppy-userMap,
author = {Poppy-Project},
title = {Poppy User Map},
type = {website},
howpublished = {Flowers Inria-BSO},
year = {2009},
note = {\\\url{http://umap.openstreetmap.fr/fr/map/poppy-robots-users_156571/}}
}
@misc{poppy-distrib,
author = {G{\'e}n{\'e}ration Robot},
title = {Poppy Distributor},
type = {website},
howpublished = {Bordeaux},
year = {2009},
note = {\\\url{https://www.generationrobots.com/}}
}
%pollens
@misc{pollens,
author = {Start-up Pollens Robotics},
title = {Pollens Robotics website},
type = {website},
howpublished = {Bordeaux},
year = {2016},
note = {\\\url{https://www.pollen-robotics.com/}}
}
%poppy station
@misc{station,
author = {Association Poppy Station},
title = {Poppy Station website},
type = {website},
howpublished = {Bordeaux},
year = {2019},
note = {\\\url{https://www.poppystation.org/}}
}
%Roboticia
@misc{roboticia,
author = {JEHL, Julien},
title = {Roboticia},
type = {website},
howpublished = {},
year = {2015},
note = {\\\url{http://www.roboticia.com/}}
}
%grizou creature
@misc{JG-crea,
author = {Grizou, Jonathan},
title = {poppy-snake-mini},
type = {GitHub},
howpublished = {},
year = {2015},
note = {\\\url{https://github.com/poppy-project/poppy-snake-mini} \& \\\url{https://github.com/poppy-project/poppy-multipod-mini} \& \\\url{https://github.com/poppy-project/poppy-creature-mini-template}}
}
%thot
@misc{konex,
author = {Peyruse, Thomas},
title = {KONEXinc},
type = {website},
howpublished = {},
year = {2017},
note = {\\\url{https://www.konexinc.com/}}
}
@misc{marionnettes,
author = {Peyruse, Thomas},
title = {Marionnettes {\'E}lectriques},
type = {website},
howpublished = {},
year = {2017},
note = {\\\url{https://www.poppy-project.org/en/projects/marionnettes-electriques}}
}
@misc{shonen,
author = {Peyruse, Thomas},
title = {Compagnie Shonen},
type = {website},
howpublished = {},
year = {2007},
note = {\\\url{http://www.shonen.info}}
}
@misc{caliban,
author = {Schnetzler, Manon Peyruse, Thomas},
title = {association Caliban Midi},
type = {website},
howpublished = {},
year = {2017},
note = {\\\url{https://caliban-midi.blog/}}
}

% Official document links
@misc{Frise-educ,
author = {{\'E}ducation-Nationale},
title = {Frise-interactive des r{\'e}formes scolaires},
type = {Official document},
year = {2017},
note = {\\\url{http://www.education.gouv.fr/cid102199/-frise-interactive-l-histoire-des-grands-textes-de-l-education-nationale.html}}
}
@misc{reforme,
author = {Rue des {\'e}coles},
title = {Les grandes r{\'e}formes et r{\'e}ajustements du syst{\`e}me {\'e}ducatif},
type = {Webpage},
year = {2019},
note = {\\\url{https://www.cap-concours.fr/enseignement/systeme-educatif/grands-principes-acteurs-reformes-organisation/grandes-reformes-et-reajustements-du-systeme-educatif-dossier-mis-a-jour-ficpra08008#}}
}
@misc{loi-confiance,
author = {{\'E}ducation-Nationale},
title = {\textit{pour une {\'e}cole de la confiance}},
type = {Official document},
year = {2019},
note = {\\\url{https://www.legifrance.gouv.fr/affichTexte.do;jsessionid=C4DDA225293DDCBD1C8277FE08DE88D4.tplgfr29s_3?cidTexte=JORFTEXT000038829065&dateTexte=&oldAction=rechJO&categorieLien=id&idJO=JORFCONT000038829057#JORFSCTA000038829076}}
}
@misc{pix,
author = {{\'E}ducation-Nationale},
title = {\textit{Certifiez vos comp{\'e}tences num{\'e}riques}},
type = {Official plateforme},
year = {2017},
note = {\\\url{https://pix.fr/}}
}
@misc{Bac2021-pdf,
author = {{\'E}ducation-Nationale},
title = {Horizon Bac 2021},
type = {Official document},
year = {2019},
note = {\\\url{http://cache.media.education.gouv.fr/file/Bac_2021/53/1/Bac2021_document_2de_fev2019_1079531.pdf}}
}
@misc{Bac2021-web,
author = {{\'E}ducation-Nationale},
title = {Horizon Bac 2021},
type = {Webpage},
year = {2019},
note = {\\\url{https://www.education.gouv.fr/cid126438/un-nouveau-baccalaureat-en-2021.html&xtmc=baccalaureacuteat2021&xtnp=1&xtcr=2}}
}
@misc{Bac2021-BO-seconde,
author = {{\'E}ducation-Nationale},
title = {Bulletin officiel},
type = {Official document},
year = {2019},
note = {\\\url{https://www.education.gouv.fr/pid285/le-bulletin-officiel.html?pid_bo=38502}}
}
@misc{Bac2021-BO-ter,
author = {{\'E}ducation-Nationale},
title = {Bulletin officiel},
type = {Official document},
year = {2019},
note = {\\\url{https://www.education.gouv.fr/pid285/bulletin_officiel.html?pid_bo=39051}}
}
@misc{Bac2021-prog-scd,
author = {{\'E}ducation-Nationale},
title = {Bulletin officiel, annexe},
type = {Official document},
year = {2019},
note = {\\\url{https://cache.media.education.gouv.fr/file/SP1-MEN-22-1-2019/08/5/spe641_annexe_1063085.pdf}}
}
@misc{Bac2021-prog-ter,
author = {{\'E}ducation-Nationale},
title = {Bulletin officiel, annexe},
type = {Official document},
year = {2019},
note = {\\\url{https://cache.media.education.gouv.fr/file/SP1-MEN-22-1-2019/26/8/spe633_annexe_1063268.pdf}}
}
@misc{BO-ref-prof,
author = {{\'E}ducation-Nationale},
title = {Le r{\'e}f{\'e}rentiel de comp{\'e}tences des m{\'e}tiers du professorat et de l'{\'e}ducation},
type = {Official document},
year = {2013},
note = {\\\url{https://www.education.gouv.fr/cid73215/le-referentiel-de-competences-des-enseignants-au-bo-du-25-juillet-2013.html}}
}
@misc{BO-reusiste-sco,
author = {{\'E}ducation-Nationale},
title = {Bulletin officiel, pacte pour la r{\'e}ussite {\'e}ducative},
type = {Official document},
year = {2013},
note = {\\\url{https://www.education.gouv.fr/pid25535/bulletin_officiel.html?cid_bo=74631}}
}
@misc{BO-def,
author = {{\'E}ducation-Nationale},
title = {Les d{\'e}finitions des termes et indicateurs statistiques de l'{\'e}ducation nationale},
type = {Official document},
year = {2019},
note = {\\\url{https://www.education.gouv.fr/cid23200/les-definitions-des-termes-et-indicateurs-statistiques-de-l-education-nationale.html&xtmc=decrochage&xtnp=1&xtcr=11}}
}
@misc{ICN-prez,
author = {{\'E}ducation-Nationale},
title = {Eduscol, Pr{\'e}sentation ICN},
type = {Official document},
year = {2015},
note = {\\\url{http://eduscol.education.fr/cid59678/presentation.html}}
}
@misc{ISN-prez,
author = {{\'E}ducation-Nationale},
title = {Eduscol, Pr{\'e}sentation ISN},
type = {Official document},
year = {2012},
note = {\\\url{https://eduscol.education.fr/cid59678/presentation-isn.html#lien0
}}
}
@misc{planNum,
author = {{\'E}ducation-Nationale},
title = {Plan num{\'e}rique {\`a} l'{\'e}cole},
type = {Official document},
year = {2015},
note = {\\\url{http://www.education.gouv.fr/pid285/bulletin_officiel.html?cid_bo=100720}}
}
@misc{EMI,
author = {{\'E}ducation-Nationale},
title = {Pr{\'e}sentation {\'E}MI, {\'e}ducation aux m{\'e}dias et {\`a} l'information},
type = {Official document},
year = {2012},
note = {\\\url{https://eduscol.education.fr/pid29737/education-aux-medias-et-a-l-information.html}~\&
\\\url{https://www.education.gouv.fr/cid208/l-utilisation-du-numerique-a-l-ecole.html&xtmc=2017numeacuterique&xtnp=1&xtcr=7}}
}
@misc{brevet,
author = {Spip, acad{\'e}mie de Rouen},
title = {Bulletin Officiel, programme 2016-2017},
type = {Official document},
year = {2016},
note = {\\\url{http://maths.spip.ac-rouen.fr/spip.php?rubrique142#nouveaux
}}
}

@misc{BO-prog-2012,
author = {{\'E}ducation-Nationale},
title = {Bulletin Officiel, programme 2012-2013},
type = {Official document},
year = {2012},
note = {\\\url{https://www.education.gouv.fr/pid285/bulletin_officiel.html?cid_bo=59726}}
}
@misc{ICN-BO,
author = {{\'E}ducation-Nationale},
title = {Bulletin Officiel, Enseignement d'exploration ICN},
type = {Official document},
year = {2015},
note = {\\\url{http://www.education.gouv.fr/pid285/bulletin_officiel.html?cid_bo=100720}}
}
@misc{ICN-prog,
author = {{\'E}ducation-Nationale},
title = {Legifrance, Programme officiel ICN},
type = {Official document},
year = {2015},
note = {\\\url{https://www.legifrance.gouv.fr/eli/arrete/2017/7/4/MENE1719956A/jo/texte/fr}}
}
@misc{ISN-prog,
author = {{\'E}ducation-Nationale},
title = {Legifrance, Programme officiel ISN},
type = {Official document},
year = {2015},
note = {\\\url{https://www.legifrance.gouv.fr/affichTexte.do?cidTexte=JORFTEXT000030964520}}
}
%etalab
@misc{etalab,
author = {Administration publique Fran\c{c}aise},
title = {Legifrance, Programme officiel ISN},
type = {Official document},
year = {2015},
note = {\\\url{https://www.etalab.gouv.fr}}
}
%classcode
@misc{classcode,
author = {Class'code},
title = {Un programme de formation innovant},
type = {Website},
year = {2016},
note = {\\\url{https://classcode.fr/}}
}
%1 23 code
@misc{123code,
author = {Fondation La main {\`a} la p{\^a}te},
title = {projet \og~1, 2, 3\dots codez !~\fg},
type = {Website},
year = {2016},
note = {\\\url{http://www.fondation-lamap.org/123codez}}
}
%thymio dm1r
@misc{dm1r,
author = {Inria Flowers team},
title = {IniRobot ressources},
type = {Website-Forum},
year = {2014},
note = {\\\url{http://dm1r.fr/ressources/activites/}}
}
%thymio forum
@misc{thymio_forum,
author = {Mobsya},
title = {Forum Thymio},
type = {Website},
year = {2014},
note = {\\\url{http://dm1r.fr/}}
}
%thymio r2t2
@misc{thymio_r2t2,
author = {Mobsya},
title = {R2T2 ressources},
type = {Website},
year = {2016},
note = {\\\url{http://wiki.thymio.org/fr:thymio-r2t2}}
}
%other links
@misc{snap,
author = {Harvey, Brian and Garcia, Daniel D and Barnes, Tiffany and Titterton, Nathaniel and Miller, Omoju and Armendariz, Dan and McKinsey, Jon and Machardy, Zachary and Lemon, Eugene and Morris, Sean and others},
title = {Snap! programming environnement},
type = {website},
year = {2014},
note = {\\\url{https://snap.berkeley.edu/}}
}
%Simulateur metabot
@misc{metabot_simu,
author = {Labri},
title = {Simulateur en ligne pour robot Metabot},
type = {Simulator},
year = {2017},
note = {\\\url{http://blocks.metabot.fr/}}
}
%GR
@misc{GR,
author = {G{\'e}n{\'e}ration Robot},
title = {Magasin en ligne},
type = {Website},
year = {2012},
note = {\\\url{https://www.generationrobots.com/}}
}
% activities links
%
@misc{PE-chamboule,
author = {Poppy-{\'E}ducation-Team},
title = {ErgoJr chamboule… tout !},
type = {Booklet Activity},
howpublished = {Flowers Inria-BSO},
year = {2016},
note = {\\\url{https://forum.poppy-project.org/t/a1-controler-poppy-ergo-jr-defi-chamboule-tout-livret-dactivites/}}
}
@misc{PE-chamboule-demo,
author = {Poppy-{\'E}ducation-Team},
title = {ErgoJr chamboule… tout ! d{\'e}monstration d'{\'e}l{\`e}ves (vid{\'e}o)},
type = {Booklet Activity},
howpublished = {Flowers Inria-BSO},
year = {2016},
note = {\\\url{https://www.youtube.com/watch?v=Z8fkIhn5r-I}}
}
@misc{PE-tictactoe,
author = {Poppy-{\'E}ducation-Team},
title = {Proposition d'activit{\'e}: Tic~Tac~Toe},
type = {Activity-Project},
howpublished = {Flowers Inria-BSO},
year = {2016},
note = {\\\url{https://forum.poppy-project.org/t/activite-ergo-jr-tic-tac-toe-work-in-progress/}}
}
%
@misc{JR-labyrinthe,
author = {Rivet, Jo{\"e}l},
title = {Projet labyrinthe},
type = {Activity},
howpublished = {Lyc{\'e}e Saint Gen{\`e}s de Bordeaux},
year = {2016},
note = {\\\url{https://youtu.be/I6sAAKGQ6T4/}}
}
@misc{JR-cinematique-2d,
author = {Rivet, Jo{\"e}l},
title = {La cin{\'e}matique 2D avec ErgoJr en 1ereS},
type = {TP},
howpublished = {Lyc{\'e}e Saint Gen{\`e}s de Bordeaux},
year = {2016},
note = {\\\url{https://forum.poppy-project.org/t/presentation-dun-travail-de-cinematique-2d-avec-le-robot-poppy-ergo-jr-1ere-s/}}
}
%
@misc{SS-Rotterdam,
author = {Soulard, Sylvain},
title = {Reconstitution du port de Rotterdam},
type = {Projet},
howpublished = {Coll{\`e}ge Anatole France de Cadillac},
year = {2016},
note = {\\\url{https://forum.poppy-project.org/t/activite-ergo-jr-range-des-conteneurs/}}
}
%
@misc{GL-tictactoe,
author = {Lassus, Gilles},
title = {ErgoJr - Plays - Tic~Tac~Toe},
type = {Projet},
howpublished = {Lyc{\'e}e Fran\c{c}ois Mauriac de Bordeaux},
year = {2016},
note = {\\\url{https://www.poppy-education.org/2017/06/06/jouer-a-tictactoe-avec-robot-poppy-ergo-jr/} \& \\url{https://forum.poppy-project.org/t/yet-another-poppyergojr-playing-tic-tac-toe-fully-snap4arduino-controlled/}}
}
@misc{GL-connect4,
author = {Lassus, Gilles},
title = {ErgoJr - Plays - Connect4},
type = {Projet},
howpublished = {Lyc{\'e}e Fran{\c c}ois Mauriac de Bordeaux},
year = {2016},
note = {\\\url{https://forum.poppy-project.org/t/poppyergojr-plays-connect4/}}
}
@misc{GL-LeapMotion,
author = {Lassus, Gilles},
title = {ErgoJr - Leapmotion\&Snap - Plays - pierre, feuille, ciseaux},
type = {Activity},
howpublished = {Lyc{\'e}e Fran{\c c}ois Mauriac de Bordeaux},
year = {2017},
note = {\\\url{https://forum.poppy-project.org/t/snap-leapmotion-ergo-pierre-feuille-ciseaux/}}
}
@misc{GL-netsblox,
author = {Lassus, Gilles},
title = {Netsblox - Deux ErgoJr {\`a} travers le monde},
type = {Projet},
howpublished = {Lyc{\'e}e Fran{\c c}ois Mauriac de Bordeaux},
year = {2018},
note = {\\\url{http://yb-isn.fr/icn2017/blog/2018/01/13/netsblox-envoyer-des-messages-au-pc-da-cote-ou-beaucoup-plus-loin/}}
}
%
@misc{YB-basket,
author = {Bouchemoua, Youcef},
title = {ErgoJr - Plays - Basket},
type = {Project},
howpublished = {Lyc{\'e}e Fran{\c c}ois Mauriac de Bordeaux},
year = {2016},
note = {\\\url{https://forum.poppy-project.org/t/poppy-ergo-jr-joue-au-basket/}}
}
@misc{YB-triColors,
author = {Bouchemoua, Youcef},
title = {ErgoJr - Tri de balles color{\'e}es},
type = {Project},
howpublished = {Lyc{\'e}e Fran{\c c}ois Mauriac de Bordeaux},
year = {2017},
note = {\\\url{https://forum.poppy-project.org/t/projet-isn-tri-de-balles-colorees/}}
}
@misc{YB-learn,
author = {Bouchemoua, Youcef},
title = {EErgoJr - Plays - Basket - Apprentissage supervis{\'e} },
type = {Project},
howpublished = {Lyc{\'e}e Fran{\c c}ois Mauriac de Bordeaux},
year = {2018},
note = {\\\url{https://forum.poppy-project.org/t/apprentissage-supervise-avec-poppy-ergo-jr/}}
}
%
@misc{GS-TutoPython,
author = {Saliba, Georges},
title = {ErgoJr \& Python},
type = {Tutorial},
howpublished = {Lyc{\'e}e Victor Louis de Talence},
year = {2017},
note = {\\\url{https://www.poppy-education.org/2016/04/19/tuto-ergojr-python/}}
}
@misc{GS-Python,
author = {Saliba, Georges},
title = {ErgoJr - Python- Moteurs \& Fonctions },
type = {TP},
howpublished = {Lyc{\'e}e Victor Louis de Talence},
year = {2017},
note = {\\\url{https://www.poppy-education.org/2016/04/19/tp-ergo-jr-moteurs-et-fonctions/}}
}
@misc{GS-QRcode,
author = {Saliba, Georges},
title = {ErgoJr - Python - Mouvement \& Qr-code},
type = {TP},
howpublished = {Lyc{\'e}e Victor Louis de Talence},
year = {2017},
note = {\\\url{https://www.poppy-education.org/2016/04/19/tp-ergo-jr-mouvement-et-lecture-qr-code/}}
}
%
@misc{CC-tictactoe,
author = {Casseau, Christophe},
title = {ErgoJr - Plays - Tic~Tac~Toe},
type = {Projet},
howpublished = {Lyc{\'e}e Camille Julian de Bordeaux},
year = {2016},
note = {\\\url{https://www.poppy-education.org/2017/02/13/ergo-joue-a-tic-tac-toe/} \& \\url{https://forum.poppy-project.org/t/un-morpion-projet-isn-lycee-camille-jullian/}}
}
@misc{CC-faceAuMur,
author = {Casseau, Christophe},
title = {Ergo-jr - Face au mur},
type = {Activity},
howpublished = {Lyc{\'e}e Camille Julian de Bordeaux},
year = {2016},
note = {\\\url{https://forum.poppy-project.org/t/activite-poppy-ergo-jr-face-au-mur/}}
}
@misc{CC-scene,
author = {Casseau, Christophe},
title = {Ergo-jr - En Sc{\`e}ne},
type = {Project},
howpublished = {Lyc{\'e}e Camille Julian de Bordeaux},
year = {2016},
note = {\\\url{https://www.poppy-education.org/2017/03/24/poppy-ergo-jr-en-scene/}}
}
@misc{CC-socle,
author = {Casseau, Christophe},
title = {Ergo-jr - 3D print - New socle},
type = {Project},
howpublished = {Lyc{\'e}e Camille Julian de Bordeaux},
year = {2018},
note = {\\\url{http://isncaju.wixsite.com/isncaju/single-post/2018/01/18/Impression-socle-Ergo-Jr/}}
}
@misc{CC-porte,
author = {Casseau, Christophe},
title = {Ergo-jr - Ferme la porte},
type = {Project},
howpublished = {Lyc{\'e}e Camille Julian de Bordeaux},
year = {2018},
note = {\\\url{https://www.poppy-education.org/2017/02/08/ergo-ferme-la-porte/}}
}
%
@misc{LV-cafe,
author = {Vincent, Luc},
title = {Ergo-jr est gar{\c c}on de caf{\'e}},
type = {Activity},
howpublished = {Lyc{\'e}e des Graves de Gradignan},
year = {2016},
note = {\\\url{https://www.poppy-education.org/2017/03/07/ergo-est-garcon-de-cafe/}}
}
@misc{LV-marin,
author = {Vincent, Luc},
title = {Ergo-jr est marin oh{\'e}~oh{\'e}},
type = {Project},
howpublished = {Lyc{\'e}e des Graves de Gradignan},
year = {2017},
note = {\\\url{https://www.poppy-education.org/2017/12/29/ergo-jr-marin-ohe-ohe/}}
}
@misc{LV-marin-video,
author = {Vincent, Luc},
title = {Ergo-jr est marin oh{\'e}~oh{\'e}, pr{\'e}sentation vid{\'e}o},
type = {Project},
howpublished = {Lyc{\'e}e des Graves de Gradignan},
year = {2017},
note = {\\\url{https://www.youtube.com/watch?v=_9S8A6ONysI}}
}
%
@misc{TS-race,
author = {Salem, Thierry},
title = {ErgoJr - Race},
type = {Project},
howpublished = {Lyc{\'e}e Kastler de Bordeaux},
year = {2016},
note = {\\\url{https://forum.poppy-project.org/t/lycee-kastler-projet-ergo-race/}}
}
%
@misc{SP-cr,
author = {Prouff, Sebastien},
title = {ErgoJr - Rapport d'utilisation en 2nd SICIT},
type = {Report},
howpublished = {Lyc{\'e}e Kastler de Bordeaux},
year = {2017},
note = {\\\url{https://forum.poppy-project.org/t/contre-rendu-de-lutilisation-de-poppy-ergo-jr-en-seconde-sicit-base-sur-le-livret-pedagogique-snap-et-ergo-jr/}}
}
@misc{SP-classe,
author = {Prouff, Sebastien},
title = {Pypot - Python \& H{\'e}ritage de classe},
type = {File},
howpublished = {Lyc{\'e}e Kastler de Bordeaux},
year = {2018},
note = {\\\url{https://forum.poppy-project.org/t/poppy-heritage-de-classe-python/}}
}
%luncher ball
@misc{TS-luncher,
author = {Segonds, Th{\'e}o},
title = {Poppy ErgoJr, end-effector extension: Ball Luncher},
type = {File},
howpublished = {Flowers Inria-BSO},
year = {2018},
note = {\\\url{https://cad.onshape.com/documents/bc3e441b34dfc1c51bed8f92/w/ff78daf3caad210abdcb3a75/e/44db271135bf31673deca16c}}
}
%dark vador
@misc{RN-dark,
author = {Rabaut, Nicolas},
title = {Poppy ErgoJr, personnalisation: Dark Vador},
type = {Post},
howpublished = {Flowers Inria-BSO},
year = {2016},
note = {\\\url{https://forum.poppy-project.org/t/idee-dactivite-creer-un-nouvel-outil-embout-pour-poppy-ergo-jr/2593
}}
}
%t-rex
@misc{TD-trex,
author = {Desprez, Thibault},
title = {Poppy ErgoJr, personnalisation: Dark Vador},
type = {Post},
howpublished = {Flowers Inria-BSO},
year = {2016},
note = {\\\url{https://forum.poppy-project.org/t/poppy-ergo-jr-t-rex-grabber/2938
}}
}
%captain
@misc{SI-captain,
author = {Stagiaire Inria, Seconde G{\'e}n{\'e}rale},
title = {Poppy ErgoJr, personnalisation: Captain America},
type = {Post},
howpublished = {Flowers Inria-BSO},
year = {2017},
note = {\\\url{https://forum.poppy-project.org/t/poppy-egro-jr-captain-america/3170/3
}}
}
%labyrinthe
@misc{TD-maze,
author = {Desprez, Thibault},
title = {Poppy ErgoJr, end-effector extension: Maze},
type = {Post},
howpublished = {Flowers Inria-BSO},
year = {2016},
note = {\\\url{https://forum.poppy-project.org/t/video-tutorial-sur-la-personnalisation-de-lergo-jr-modelisation-3d/3207/5
}}
}
%bloc color
@misc{TS-bloc_color,
author = {Segonds, Th{\'e}o},
title = {File extension for Colors Detection Block},
type = {File},
howpublished = {Flowers Inria-BSO},
year = {2019},
note = {\\\href{https://gist.githubusercontent.com/show0k/58a1d73f2723c9f4ddf86024f08c1d0f/raw/398a93f0ebdf7ea7f4617cff427d1dd29282a92b/install.bash}{\texttt{https://gist.githubusercontent.com/show0k/\\58a1d73f2723c9f4ddf86024f08c1d0f/raw/\\398a93f0ebdf7ea7f4617cff427d1dd29282a92b/install.bash}
}}
}
%villard
@misc{MV-danse,
author = {Villard, Marie-Aline},
title = {Rencontre Art et Science ou comment penser le mouvement au travers de la robotique humano{\"i}de},
type = {Post},
howpublished = {Forum Poppy},
year = {2015},
note = {\\\url{https://forum.poppy-project.org/t/seminaire-experimentation-et-recherche-en-collaboration-avec-naomi-mutoh-penser-decrire-traduire-et-transmettre-le-mouvement-cycle-1-rencontre-art-et-science-ou-comment-penser-le-mouvement-au-travers-de-la-robotique-humanoide/1703
}}
}
%Ensam
@misc{torso-hand,
author = {ENSAM Bordeaux},
title = {R{\'e}alisation de mains pr{\'e}hensives pour Poppy Torso par les {\'e}l{\`e}ves du Bachelor 2 de l’ENSAM-Talence},
type = {Post},
howpublished = {Forum Poppy},
year = {2016},
note = {\\\url{https://forum.poppy-project.org/t/realisation-de-mains-prehensives-pour-poppy-torso-par-les-eleves-du-bachelor-2-de-lensam-talence-concours-de-la-meilleure-realisation-le-10-juin/2508} \& \\\url{https://forum.poppy-project.org/t/concours-poppy-torso-bachelor-ensam-les-resultats-et-une-video-en-plus/2568}}
}
@misc{torso-spot,
author = {ENSAM Bordeaux},
title = {Conception/fabrication de plateformes mobiles pour Poppy Torso {\`a} l'ENSAM de Talence},
type = {Post},
howpublished = {Forum Poppy},
year = {2016},
note = {\\\url{https://forum.poppy-project.org/t/conception-fabrication-de-plateformes-mobiles-pour-poppy-torso-a-lensam-de-talence/2933} \& \\\url{https://github.com/cjlux/Poppy-ENSAM-Talence/wiki/Version-Fran%C3%A7aise
}}
}
%dassault
@misc{3DS-ac,
author = {3DS academy, Dassault Systemes},
title = {Le jumeau num{\'e}rique illustr{\'e} par Poppy, un outil fantastique pour d{\'e}couvrir les aspects fondamentaux du «~Digital Twin~»},
type = {Video and simulation},
howpublished = {Dassault Systemes},
year = {2015},
note = {\\\url{https://academy.3ds.com/fr/lab/le-robot-humanoide-poppy-et-la-3dexperience
}}
}
%My black box
@misc{TD-online,
author = {Desprez, Thibault},
title = {Poppy ErgoJr d{\'e}mo int{\'e}ractive cl{\'e} en main},
type = {File},
howpublished = {Flowers Inria-BSO},
year = {2019},
note = {\\\url{https://snap.berkeley.edu/snapsource/snap.html#present:Username=tibo&ProjectName=ergo-demo-interact}}
}
@misc{TD-primitives,
author = {Desprez, Thibault},
title = {Cr{\'e}er ses propres primitives python et les ajouter au moniteur},
type = {File},
howpublished = {Flowers Inria-BSO},
year = {2019},
note = {\\\url{https://forum.poppy-project.org/t/creer-ses-propres-primitives-python-et-les-ajouter-au-moniteur}}
}
%My chiscken video
@misc{TD-chicken-move,
author = {Desprez, Thibault},
title = {Vid{\'e}o de d{\'e}montrastion du comportement poule},
type = {video},
howpublished = {Flowers Inria-BSO},
year = {2019},
note = {\\\url{https://www.youtube.com/watch?v=Py3k4ssYxJw}}
}
@misc{TD-chicken-td,
author = {Desprez, Thibault},
title = {TD Vid{\'e}o de d{\'e}montrastion du comportement poule},
type = {video},
howpublished = {Flowers Inria-BSO},
year = {2019},
note = {\\\url{https://www.youtube.com/watch?v=UOhVapqj1ag&list=PLT6NsCw8bf8SUNWP-HwD44puP0hCBbNAl}}
}
@misc{TD-discover-td,
author = {Desprez, Thibault},
title = {Tutoriel Snap! de prise en main du robot Poppy ErgoJr},
type = {Project Snap en ligne},
howpublished = {Flowers Inria-BSO},
year = {2019},
note = {\\\url{https://snap.berkeley.edu/snapsource/snap.html#present:Username=tibo&ProjectName=Ergo-discover}}
}
%%%%%%%%%%%%%%%%%%%%%%%%%%%%%%%%%%%%%%%%%%%%%%%%%%%%%%
%norme ISO
@misc{ISO,
author = {Comit{\'e} ISO/TC 159/SC4},
title = {Utilisabilit{\'e} Norme ISO9241-11},
type = {Norme},
howpublished = {OIN},
year = {2018},
note = {\\\url{https://www.iso.org/obp/ui/#iso:std:iso:9241:-11:ed-2:v1:fr}}
}
@misc{ISOstatisfaction,
author = {Comit{\'e} ISO/TC 176/SC1},
title = {Satisfaction Norme ISO9000},
type = {Norme},
howpublished = {OIN},
year = {2015},
note = {\\\url{https://www.iso.org/iso-9001-quality-management.html
}}
}
@misc{ISOcritere,
author = {Ribeiro},
title = {Check-list logiciel bas{\'e}e sur la Norme ISO 9241},
type = {Norme},
howpublished = {OIN},
year = {2015},
note = {\\\url{http://tecfa.unige.ch/tecfa/teaching/LMRI41/ChecklistISO.html
}}
}
%ife robot
@misc{ife_robotique_2017,
author = {Groupe de travail num{\'e}rique OCEAN},
title = {Dossier: La robotique {\'e}ducative},
type = {File},
howpublished = {Institut Fran{\c c}ais de l'{\'e}ducation},
year = {2017},
note = {\\\url{http://ife.ens-lyon.fr/ife/recherche/numerique-educatif/robotique-educative/robotique-educative-1/dossier-de-capitalisation-robotique-educative-decembre-2017}}
}
%pil vs ocv
@misc{pil_vs_OCV,
author = {vfdev (username on Kaggle.com) },
title = {PIL vs Opencv},
type = {Notebook},
howpublished = {website},
year = {2018},
note = {\\\url{https://www.kaggle.com/vfdev5/pil-vs-opencv}}
}
%servo
@misc{servo,
author = {Wikip{\'e}dia},
title = {Article Servomoteur de Wikip{\'e}dia},
type = {Encyclop{\'e}die libre},
howpublished = {En ligne},
year = {2017},
note = {\\\url{http://fr.wikipedia.org/w/index.php?title=Servomoteur&oldid=159261918}}
}
%methode
@misc{methode,
author = {Wikip{\'e}dia},
title = {Article La m{\'e}thode exp{\'e}rimentale, de Wikip{\'e}dia},
type = {Encyclop{\'e}die libre},
howpublished = {En ligne},
year = {2017},
note = {\\\url{https://fr.wikipedia.org/wiki/M%C3%A9thode_exp%C3%A9rimentale}}
}
%engagement
@misc{engagement,
author = {Wikip{\'e}dia},
title = {D{\'e}finition l'engagement sur internet de Wikip{\'e}dia},
type = {Encyclop{\'e}die libre},
howpublished = {En ligne},
year = {2018},
note = {\\\url{https://fr.wikipedia.org/wiki/Engagement_(informatique)}}
}
%motiv_pic
@misc{motiv_pic,
author = {Fr{\'e}d{\'e}ric Duriez},
title = {{\'E}dito, "motivation on a tout faux"},
type = {Blog},
howpublished = {En ligne},
year = {2018},
note = {\\\url{https://cursus.edu/amp/articles/41871/motivation-on-a-tout-faux}}
}
%robot def cite
@misc{robot-Oxford,
author = {Oxford English Dictionary},
title = {Definition of robot},
type = {Dictionary},
howpublished = {Oxford University},
year = {2017},
note = {\\\url{https://www.lexico.com/en/definition/robot}}
}
%tangible def cite
@misc{tangible-Cambridge,
author = {Cambridge English Dictionary},
title = {Definition of tangible},
type = {Dictionary},
howpublished = {Cambridge University},
year = {2019},
note = {\\\url{https://dictionary.cambridge.org/fr/dictionnaire/anglais/tangible}}
}

%list langage wiki
@misc{list_lang,
author = {Wikip{\'e}dia},
title = {Liste de langages de programmation},
type = {Encyclop{\'e}die libre},
howpublished = {En ligne},
year = {2019},
note = {\\\url{http://fr.wikipedia.org/w/index.php?title=Liste_de_langages_de_programmation&oldid=161910680}}

%def motivation
@misc{motivation,
author = {C{\'e}line DARNON},
title = {D{\'e}finition Motivation},
type = {Encyclop{\'e}dia Universalis},
howpublished = {En ligne},
year = {2019},
note = {\\\url{http://www.universalis.fr/encyclopedie/motivation-psychologie/}}

@misc{motivationCnrtl,
author = {Centre National de Ressources Textuelles et Lexicales},
title = {D{\'e}finition Motivation},
type = {Dictionnaire},
howpublished = {En ligne},
year = {2019},
note = {\\\url{https://www.cnrtl.fr/definition/Motivation}}

%AMC
@misc{AMC-QCM,
author = {Bienven{\"u}e, Alexis},
title = {AMC-QCM - Correction automatis{\'e}e de formulaires QCM},
type = {Site web},
howpublished = {En ligne},
year = {2008},
note = {\\\url{https://www.auto-multiple-choice.net/}}

@misc{tibo-QCM,
author = {Desprez, Thibault},
title = {GitHub source formulaire LaTex pour AMC-QCM},
type = {Site web},
howpublished = {En ligne},
year = {2019},
note = {\\\url{https://github.com/Tibo42/latex_survey}}

@misc{tibo-QCM-online,
author = {Desprez, Thibault},
title = {Questionnaires, en ligne et source pdf},
type = {Site web},
howpublished = {En ligne},
year = {2019},
note = {\\\url{https://www.poppy-education.org/evaluation/}}

@misc{inria-QCM-online,
author = {Inria via LimeSurvey},
title = {Plateforme de sondage en ligne Inria},
type = {Plateforme de sondage},
howpublished = {En ligne},
year = {2019},
note = {\\\url{https://sondages.inria.fr}}

@misc{LimeSurvey,
author = {LimeSurvey (GNU GPL)},
title = {Framework de sondage},
type = {Plateforme de sondage},
howpublished = {En ligne},
year = {2003},
note = {\\\url{https://sondages.inria.fr}}
%castor
@misc{castor,
author = {Association France-ioi},
title = {source concours castor (on GitHub)},
type = {code source},
howpublished = {En ligne},
year = {2019},
note = {\\\url{https://github.com/France-ioi/castor-informatique.fr}}

@misc{castor-source,
author = {Association France-ioi},
title = {Concours Castor informatique},
type = {site web},
howpublished = {En ligne},
year = {2019},
note = {\\\url{http://castor-informatique.fr/}}

@misc{RGPD,
author = {Union Europ{\'e}enne},
title = {R{\`e}glement g{\'e}n{\'e}ral sur la protection des donn{\'e}es (RGPD)},
type = {R{\'e}glementtation},
howpublished = {En ligne},
year = {2019},
note = {\\\url{https://dpo-rgpd.net/}}

@misc{euro-data,
author = {Union Europ{\'e}enne},
title = {Portail des donn{\'e}es ouvertes de l'UE},
type = {Site web},
howpublished = {En ligne},
year = {2012},
note = {\\\url{http://data.europa.eu/euodp/fr/home}}

@misc{AES,
author = {NSA},
title = {communiqu{\'e} officiel},
type = {Site web},
howpublished = {En ligne},
year = {2013},
note = {\\\url{https://web.archive.org/web/20070927035010/http://www.cnss.gov/Assets/pdf/cnssp_15_fs.pdf}}

@misc{TD-emo,
author = {Desprez, Thibault},
title = {Poppy Humanoide mime les {\'e}motions humaines},
type = {videos},
howpublished = {Flowers Inria-BSO},
year = {2016},
note = {\\\url{https://www.youtube.com/watch?v=_I7sX_B_x1k&list=PLT6NsCw8bf8SuXO52K3zkgohxKL32sB19}
}}

@misc{ac-rap,
author = {Acad{\'e}mie des sciences},
title = {L’enseignement de l’informatique en France, Il est urgent de ne plus attendre},
type = {Rapport},
howpublished = {En ligne},
year = {2013},
note = {\\\url{http://archive.wikiwix.com/cache/?url=http%3A%2F%2Fwww.academie-sciences.fr%2Factivite%2Frapport%2Frads_0513.pdf}
}}

@misc{make-3d,
author = {Solidworks, OpensCAD, Onshape, TinkerCAD, BlocksCAD},
title = {Logiciel de Conception 3D},
type = {Site web},
howpublished = {En ligne},
year = {2019},
note = {
\\\url{https://www.solidworks.com/}~\&
\\\url{http://openscad.net/}~\&
\\\url{https://www.onshape.com/}~\&
\\\url{https://www.tinkercad.com/}~\&
\\\url{https://www.blockscad3d.com/}
}}

@misc{make-pcb,
author = {EAGLE, Circuit Maker et TinkerCAD-Circuit},
title = {Logiciel de Conception de circuit {\'e}lectronique (PCB)},
type = {Site web},
howpublished = {En ligne},
year = {2019},
note = {
\\\url{https://www.autodesk.fr/products/eagle/overview}~\&
\\\url{http://circuitmaker.com/}~\&
\\\url{https://www.tinkercad.com/circuits}
}}

@misc{classement-ecole,
author = {Journaux: l'{\'e}tudiant, le Figaro, Sud-Ouest},
title = {Classement lyc{\'e}e 2019},
type = {Site web},
howpublished = {En ligne},
year = {2019},
note = {
\\\url{https://www.letudiant.fr/palmares/classement-lycees.html}~\&
\\\url{https://classement-lycees.etudiant.lefigaro.fr/}~\&
\\\url{https://www.sudouest.fr/2019/03/18/indicateurs-de-reussite-des-lycees-decouvrez-le-classement-2019-pour-le-sud-ouest-5908416-10394.php}
}}

@misc{alvarez,
author = {France Inrer},
title = {Interview C{\'e}line Alvarez par L{\'e}a Salam{\'e}mis},
type = {Rapport},
howpublished = {En ligne},
year = {2019},
note = {\\\url{https://www-franceinter-fr.cdn.ampproject.org/c/s/www.franceinter.fr/amp/emissions/l-invite-de-7h50/l-invite-de-7h50-02-septembre-2019}
}}
@misc{mandela,
author = {Wikiquote},
title = {Nelson Mandela, citations c{\'e}l{\`e}bres},
type = {web},
howpublished = {En ligne},
year = {2003},
note = {\\\url{https://en.wikiquote.org/wiki/Nelson_Mandela}
}}
